3317 4950
741 414 933 475 ..5-

268 601 429 659 numanam
450 591 659 660 seprcpantar
682 585 721 646 ab
744 587 816 646 aliis
840 586 987 661 partibus
1010 550 1159 646 orationis
1187 604 1285 663 neque
1314 605 1403 663 sepa·

215 673 221 679 ⁶
267 697 337 757 rari
347 701 489 771 possunt,
506 702 540 756 at
553 697 594 769 di,
604 697 662 770 dis,
672 714 718 770 re,
726 713 770 770 se,
780 715 839 761 am.
849 714 916 758 con.
928 731 974 743 —
984 693 1152 759 Charisius
1163 694 1218 760 Gr.
1227 694 1272 759 l.I
1283 717 1314 780 p.
1330 701 1404 762 198:

267 808 323 868 Itis
339 825 402 883 pro
417 810 515 869 ualde.
554 808 683 869 Plantas
698 809 730 869 in
746 809 952 870 Bacchidibus
973 855 1052 872 .....
1066 843 1108 854 -
1120 806 1226 891 Caper
1240 806 1295 872 Gr.
1308 808 1329 874 l.
1344 808 1405 874 VII

267 922 320 982 97:
336 920 465 980 Demitte
481 923 676 981 estdeorsum
690 921 783 993 mitte,
800 922 925 992 dimitte,
933 913 1116 995 ἀπόλυσον,
1129 923 1258 985 absolue.
1274 924 1405 984 dismitte

266 1049 326 1092 non
336 1033 432 1094 dicas.
446 1066 489 1076 -
499 1026 728 1094 AlbinusGr.l.
737 1028 806 1108 VII,
820 1032 899 1094 360:
915 1033 956 1093 Di
969 1034 1091 1109 quidem
1104 1039 1134 1094 et
1147 1035 1195 1095 dis
1206 1037 1406 1110 separativae

265 1150 347 1216 sant,
377 1149 408 1204 et
429 1145 557 1205 eandem
587 1144 841 1220 sipnisicationem
863 1143 985 1216 babent,
1014 1162 1095 1220 puae
1116 1148 1203 1207 modo
1225 1146 1263 1207 ab
1286 1151 1316 1206 et
1337 1147 1402 1221 abs,

266 1261 300 1316 nt
324 1256 436 1328 divido,
461 1256 610 1328 distraho,
635 1261 664 1315 et
687 1257 734 1316 dis
746 1257 947 1331 componitur,
971 1258 1095 1332 qnando
1115 1259 1256 1333 sequitur
1277 1275 1304 1331 c,
1321 1262 1350 1334 f,
1366 1277 1403 1334 p,

265 1388 291 1441 s,
322 1369 417 1428 teti
447 1370 512 1429 loco
542 1368 752 1457 consonantis,¹
780 1367 829 1428 sin
856 1371 1014 1444 fmutata
1035 1370 1208 1444 euphoniae
1234 1386 1340 1442 caasa,
1370 1371 1403 1430 in

265 1481 336 1542 aliis
349 1479 585 1541 consonantibus
601 1479 633 1540 di
643 1480 854 1555 praeponitur
869 1486 899 1539 et
911 1479 1024 1555 ubique
1034 1481 1067 1541 di
1072 1481 1261 1554 producitur
1271 1487 1403 1556 praeter

266 1593 384 1665 dirimo,
408 1592 552 1652 dantus.
575 1620 618 1634 -·
640 1585 783 1652 Gramm.
805 1585 863 1651 lat.
886 1587 939 1666 vl,
963 1591 1040 1652 626:
1071 1597 1144 1652 sunt
1162 1593 1301 1669 syllabae
1322 1611 1403 1669 quae

265 1704 405 1779 inprimis
426 1720 533 1763 sonum
553 1705 677 1780 lonpam
698 1704 917 1775 demonstrant,
939 1708 971 1763 et
980 1703 1087 1764 breues
1096 1709 1178 1777 sant,
1199 1710 1234 1763 ut
1256 1705 1401 1777 dismns,

265 1818 443 1893 diremptus,
467 1815 591 1876 direxit.
1302 1874 1306 1877 ,

349 1923 441 1988 Haec
469 1927 544 1988 sunt
566 1922 752 1988 testimonia
775 1921 1066 2006 'grammaticorum
1088 1927 1243 2003 veteram,
1272 1924 1400 2008 quibus,

265 2041 423 2119 quantum
445 2034 655 2100 tribuendum
680 2035 730 2114 sit,
759 2035 793 2098 in
817 2033 953 2118 singuiis
974 2033 1083 2101 verbis
1105 2034 1286 2101 tractandis
1305 2035 1401 2102 facile

266 2148 447 2232 apparebit.
491 2147 529 2211 In
550 2147 734 2211 universum
762 2166 802 2210 cx
832 2146 912 2211 locis
932 2146 1115 2231 priscorum
1136 2147 1331 2231 scriptarum
1352 2149 1400 2213 in·

263 2260 315 2325 ira
335 2259 517 2324 tractandis
539 2258 602 2323 hoc
624 2263 774 2323 constare
795 2256 940 2322 abatur:
973 2262 1028 2322 Itis
1056 2259 1270 2343 praeponitur
1291 2258 1400 2325 verbis

262 2370 491 2456 incipientibus
523 2371 555 2454 1)
575 2390 635 2454 per
657 2390 690 2434 c:
723 2375 893 2446 discedere,
923 2374 1119 2449 disceptator,
1153 2375 1399 2448 discerniculum,

264 2491 453 2564 discerpere,
467 2487 639 2547 dissertare
646 2490 664 2560 (
666 2488 679 2547 i
680 2490 708 2561 ),
721 2487 877 2558 discessio,
887 2487 1089 2560 disconducit,
1103 2487 1329 2560 discordabitis,
1338 2490 1399 2549 dis-

263 2602 406 2672 cordare,
429 2600 558 2671 discors,
583 2599 779 2671 discorditas,
803 2599 971 2671 discordia,
1005 2599 1196 2674 discrepare,
1224 2600 1399 2672 discrimen,

264 2711 461 2783 discruciari,
485 2710 683 2783 discumbere,
707 2711 881 2786 discupere,
905 2711 1080 2782 discutere;
1102 2707 1135 2792 2)
1155 2726 1271 2791 perp:
1295 2712 1399 2786 dispa-

263 2826 389 2894 lcscerc,
419 2823 617 2896 dispondere,
641 2822 760 2896 dispar,
784 2822 960 2896 disparare,
981 2822 1173 2897 dispensare,
1197 2822 1400 2898 dispendium,

198 2954 201 2965 ¹
267 2936 473 3010 dispensator,
497 2934 718 3008 dispcrcntere,
734 2934 927 3009 disperpere,
943 2934 1135 3008 disperdere,
1150 2934 1314 3009 disperire,
1337 2936 1398 2994 dis-

257 3047 391 3122 pertire,
415 3045 590 3119 displicere,
614 3044 788 3119 disponere,
812 3044 965 3119 dispudet,
979 3045 1203 3119 dispaloerorc,
1220 3046 1381 3121 disputare
1388 3066 1399 3117 ;

177 3158 185 3167 '
263 3154 297 3236 3)
319 3173 379 3236 per
392 3157 422 3218 t:
449 3156 666 3228 distabescere,
681 3156 843 3228 distaedet,
859 3158 1046 3229 distendere,
1060 3158 1222 3229 disterere,
1239 3158 1397 3230 distinere,

263 3270 466 3343 distorquere,
478 3268 663 3340 distrahere,
673 3268 840 3343 distractis,
855 3268 1050 3341 distribuere,
1061 3270 1269 3342 distruncare,
1285 3270 1397 3329 distur-

262 3380 355 3452 bare;
376 3376 410 3459 4)
422 3396 482 3458 par
494 3375 533 3440 h:
551 3379 758 3451 dishiascere;
781 3376 814 3458 5)
826 3396 886 3459 per
899 3397 915 3440 s
928 3380 1085 3459 sequente
1094 3375 1215 3441 vocali:
1232 3381 1397 3449 disserere,

262 3492 435 3563 dissentire,
459 3491 619 3563 dissensio,
644 3491 831 3566 dissipnarc,
856 3491 1055 3567 dissipnetor,
1074 3492 1239 3564 wamia,
1258 3492 1397 3551 dissima-

262 3606 339 3675 lore,
375 3602 539 3677 dissipare,
570 3603 749 3675 dissociare,
784 3602 960 3675 dissolvere,
994 3591 1196 3674 dissuadere;
1229 3599 1263 3680 6)
1292 3618 1352 3681 per
1381 3622 1397 3663 s

262 3714 417 3793 sequente
434 3732 450 3775 s
464 3708 576 3774 littera
584 3710 624 3793 1):
649 3714 819 3786 discidium,
837 3714 1023 3787 discindere,
1039 3714 1219 3787 discribere,
1233 3714 1396 3789 dispicere,

263 3826 440 3900 dispoliare,
471 3825 672 3902 distinpnere,
702 3826 910 3901 distrinpere;
941 3821 974 3904 7)
998 3826 1153 3904 sequente
1173 3820 1194 3901 f,
1226 3820 1284 3886 nbi
1315 3823 1396 3887 assi·

260 3932 385 3997 milatio
408 3936 470 3997 eat:
499 3937 669 4013 diffatipor‚
693 3937 833 4012 differre,
860 3936 1006 4011 difficilis,
1038 3938 1216 4013 difficultas,
1241 3938 1395 4013 diffidere,

261 4049 395 4125 dispare,
411 4048 565 4124 diffluere,
579 4048 773 4124 diffrinpere,
786 4048 973 4123 diffundere,
991 4048 1203 4123 diffunditare.
1232 4044 1353 4109 Contra
1363 4049 1396 4109 di

338 4284 363 4350 1)
384 4280 552 4337 Discinderc
569 4290 609 4337 est
628 4280 673 4335 dis
691 4288 719 4337 et
736 4282 877 4349 scindore3
896 4282 931 4336 cf.
950 4287 1104 4337 caemraci
1121 4287 1223 4336 cataro.
1318 4353 1322 4360 ι
