3317 4950
703 460 918 520 ..21-

242 618 376 694 uerbum
397 649 460 693 non
483 628 598 692 inveni.
620 664 663 676 —-
690 631 871 693 dissentire.
915 627 1033 692 Pecus.
1057 633 1114 692 73:
1137 638 1321 692 conceatare
1340 651 1378 693 ae

243 730 407 806 dissentire
411 746 501 820 parti
512 761 550 804 ac
561 747 602 805 da
611 756 734 803 rursum
743 726 1202 818 aequiter.—dissipareedis
1210 744 1377 805 ctauooa·

244 854 319 918 bulo
342 852 488 918 obsoleto
516 872 592 930 snpo
622 850 674 915 vel
701 856 769 932 sipo
797 850 886 934 quod
913 856 997 916 teste
1018 851 1115 936 Festo
1145 857 1249 916 iacere
1279 852 1377 935 sigui-

242 964 333 1044 ficat,
365 963 452 1029 unde
481 969 635 1042 dissipare
665 963 819 1042 disicere,
849 962 924 1027 dein
946 962 1152 1047 dispergere,
1181 963 1376 1029 disturbare.

244 1074 446 1140 Vocabulum
468 1081 535 1154 sipo
566 1075 664 1140 eiiam
692 1074 873 1139 invenimus
902 1075 937 1139 in
965 1079 1109 1154 obsipare
1136 1072 1253 1154 verbo,
1289 1076 1376 1158 quod

243 1187 348 1251 Plsui.
371 1186 447 1251 cia.
469 1187 501 1252 II
526 1193 555 1267 3,
586 1191 625 1250 37
635 1210 642 1250 ι
671 1191 784 1250 Avecta
808 1196 863 1263 est,
886 1191 993 1265 inanit,
1013 1207 1153 1266 perepre
1171 1191 1244 1251 binc
1258 1191 1376 1251 babita-

244 1309 316 1365 tam.
366 1302 494 1378 Obsipat
515 1304 664 1377 Aqnalarn
683 1299 829 1380 legimus
875 1297 960 1362 Sane
982 1317 1079 1362 sensu
1106 1296 1197 1362 verbi
1227 1301 1378 1364 obiciendi

241 1414 427 1492 usurpetur.
471 1408 615 1474 Verbum
645 1414 820 1489 dissipandi
847 1407 949 1473 habet
971 1409 1079 1473 Attius
1099 1414 1178 1474 587:
1209 1430 1248 1472 ne
1269 1416 1377 1474 baum

242 1525 384 1597 dividiae,
416 1525 592 1586 discordiae
614 1525 779 1600 dissipent,
810 1524 983 1586 disturbent
1001 1529 1104 1585 tantas
1130 1530 1160 1584 et
1177 1530 1244 1602 tam,
1260 1527 1376 1601 opimas

241 1637 350 1696 civium
380 1636 529 1708 divitiam
564 1631 655 1697 Caco.
684 1637 761 1698 205:
796 1638 957 1698 Perontias
980 1637 1138 1712 pavidam,
1167 1642 1323 1711 postremo
1356 1655 1377 1698 a

238 1764 338 1822 parco
355 1753 452 1822 patre
477 1750 565 1820 Quod
586 1765 688 1809 sumas
711 1753 823 1822 quanto
847 1749 978 1824 dissipes
1000 1748 1151 1808 libentius.
1197 1744 1377 1827 Aliquoties

240 1855 338 1918 eiiam
360 1854 498 1920 formam
522 1861 688 1934 dissupare
708 1854 855 1938 legimus,
878 1856 925 1920 sic
940 1855 1028 1939 apud
1045 1855 1184 1920 Ennium
1199 1860 1282 1939 trag.
1298 1862 1374 1922 105:
1487 1916 1495 1936 ,

240 1973 303 2031 alin
330 1973 444 2047 fluctus
475 1972 590 2048 differt,
621 1972 761 2048 dissupat
790 1971 967 2033 lisceratim
988 1971 1131 2044 membra,
1161 1972 1263 2032 maria
1293 1974 1375 2034 salsa

240 2090 382 2158 spumant
403 2084 570 2160 cananiam
592 2079 653 2144 ino.
676 2079 741 2144 fab.
767 2085 842 2145 169:
864 2085 985 2159 Perque
1006 2100 1100 2159 apros
1117 2084 1238 2159 passim
1256 2085 1375 2159 disper-

240 2195 287 2271 pit
306 2211 437 2269 corpas:
459 2196 494 2256 id
516 2211 553 2255 ea
574 2197 680 2271 pratia
697 2195 741 2268 Ut,
766 2197 837 2257 dnm
859 2197 925 2255 nati
941 2196 1116 2270 dissupatos
1132 2201 1220 2256 artus
1233 2201 1376 2271 captaret

4 2299 14 2344 ³
235 2323 365 2381 parens.
375 2339 416 2350 -
426 2307 595 2368 dissociare
602 2303 622 2367 i.
633 2324 659 2369 e.
671 2303 857 2368 asooietate
870 2302 1062 2385 disiungere.
1089 2302 1165 2367 Luc.
1179 2303 1244 2368 sa.
1256 2303 1374 2382 XXIX,

241 2419 297 2480 65:
322 2462 395 2479 .....
419 2419 584 2480 dissociata
602 2436 699 2495 aeque
719 2420 818 2481 omnia
840 2436 880 2480 ao
900 2419 1050 2496 nefantia.
1072 2452 1115 2462 ·-
1138 2420 1304 2481 dissolvere
1325 2421 1376 2481 osb

241 2527 433 2610 disiungere,
457 2527 544 2610 quod
565 2526 702 2610 lignium
724 2533 782 2592 aut
804 2527 1011 2592 coniunctum
1033 2532 1113 2592 erat.
1158 2527 1251 2610 Corp.
1274 2528 1373 2594 Insor.

240 2638 309 2703 Lat.
329 2639 354 2718 I,
386 2644 463 2705 542:
496 2650 549 2704 lna
572 2660 656 2718 pace
684 2660 800 2719 ropans
826 2649 856 2703 te
885 2644 1034 2719 copendei
1056 2643 1259 2704 dissolvendei
1280 2649 1313 2703 tu
1341 2650 1375 2704 nl

142 2763 145 2769 '
235 2755 348 2830 facilia
364 2756 507 2831 farsam
528 2750 619 2815 Publ.
636 2750 704 2835 Syr.
718 2750 805 2815 Seni.
821 2755 900 2815 706:
925 2755 1070 2814 Dissolvit
1090 2756 1186 2829 lepem
1199 2756 1374 2815 misericors

241 2883 308 2926 eam
329 2867 457 2927 iudicat.
491 2862 639 2926 Eundem
658 2862 727 2926 fere
752 2882 881 2926 sensum
904 2866 1003 2944 sique
1025 2864 1217 2944 argumento
1239 2881 1373 2945 respon-

240 2972 317 3037 dere
340 2974 473 3055 eiusque
497 2974 559 3038 vim
579 2972 745 3037 infirmare
768 2972 906 3055 praebet
927 2972 1062 3037 verbum
1085 2963 1270 3037 Terqrhor.
1296 2978 1372 3039 655:

239 3090 303 3150 Sed
322 3090 395 3149 mibi
417 3105 493 3163 opus
515 3094 594 3161 erat,
621 3094 655 3149 ut
679 3094 787 3163 aperte
816 3088 871 3149 tibi
891 3105 974 3148 nano
999 3088 1126 3164 fabuler
1147 3088 1373 3163 Aliquantulum

240 3217 319 3275 qnae
338 3203 489 3277 adferret,
513 3201 565 3275 qui
586 3201 789 3273 dissolverem,
824 3201 909 3273 Quae
931 3200 1043 3272 debeo;
1065 3194 1181 3260 deinde
1204 3200 1255 3260 est
1276 3216 1373 3280 cxpe-

242 3307 311 3372 dire
334 3308 405 3372 Ter.
428 3308 546 3373 Heaut.
571 3313 646 3374 508:
674 3312 805 3372 Dissolvi
826 3330 882 3384 me,
905 3313 1019 3373 otiosus
1042 3328 1166 3387 operam
1188 3316 1222 3371 ul
1243 3311 1297 3371 tibi
1319 3314 1373 3373 da-

239 3440 322 3495 rem;
349 3419 454 3483 Plaut.
477 3419 575 3484 Mero.
601 3424 678 3484 166:
713 3422 856 3495 Obsecro,
880 3424 1009 3484 dissolve
1030 3424 1092 3484 iam
1113 3440 1176 3483 me:
1207 3423 1295 3482 nimis
1319 3424 1373 3484 dia

239 3536 332 3595 animi
356 3538 500 3609 pendec,·
531 3531 627 3596 Poen.
660 3536 737 3596 148:
769 3535 804 3595 Si
833 3536 1046 3596 auctoritatem
1069 3540 1182 3609 postea
1212 3535 1373 3611 desuperis

244 3646 298 3707 Ubi
320 3648 484 3708 dissolutus
514 3653 546 3707 ta
575 3648 645 3719 sies,
675 3664 731 3723 epo
756 3648 920 3722 pendeam.
949 3680 985 3688 -
1010 3647 1151 3707 dissuere
1179 3645 1231 3706 esi
1254 3640 1372 3706 discin-

239 3754 332 3832 dere,
365 3754 451 3837 quod
481 3759 650 3819 consutum
681 3759 739 3819 esi.
784 3752 856 3820 Uno
883 3754 955 3818 loco
984 3758 1093 3819 exstat
1122 3752 1210 3836 apud
1240 3753 1372 3819 Catonis

239 3866 332 3931 Mem.
356 3865 431 3931 dict.
456 3871 511 3931 70:
535 3873 611 3931 tales
633 3871 730 3947 ipitar
752 3871 905 3931 amicitiae
927 3875 999 3930 sunt
1027 3869 1205 3930 remissione
1227 3888 1302 3931 usas
1326 3872 1371 3931 di-

238 3983 370 4043 luendae
392 3989 422 4043 et
444 3988 477 4042 at
504 3981 644 4042 Catonem
664 3982 769 4043 dicere
790 3983 905 4054 andivi,
933 3982 1119 4042 dissuendae
1144 3982 1252 4058 napis,
1282 4000 1372 4057 quant

239 4094 469 4156 discindendae.
503 4126 539 4135 -
577 4093 793 4165 distabesoere,
829 4088 864 4152 in
902 4109 1013 4153 omnes
1050 4094 1162 4173 paries
1191 4088 1369 4153 tabescere.

238 4199 349 4265 Calon.
371 4201 401 4265 d.
424 4222 449 4267 r.
472 4222 497 4266 r.
512 4200 635 4265 XXIV:
741 4221 808 4264 enm
831 4205 864 4264 in
881 4206 1000 4278 fiscella
1020 4205 1200 4279 suspendite
1219 4204 1371 4279 sinitopue

238 4332 305 4377 cum
333 4323 428 4378 musto
450 4317 644 4378 distabescat.
667 4348 710 4359 -
731 4317 926 4389 distendere,
940 4286 1143 4375 indiversus
1167 4315 1279 4394 paries
1300 4315 1370 4384 ten-
