3317 4950
735 421 951 482 ..34-

278 589 342 654 DF
366 594 549 669 diripiamus
576 592 609 652 et
631 587 754 652 Nonius
783 592 993 666 dissipiamus.
1039 587 1104 653 Sed
1133 588 1173 653 do
1204 588 1417 656 detrahendis

278 701 476 766 ornamentis
499 720 572 764 oum
594 704 723 782 egetur,
753 704 943 777 deripiamus
964 719 1078 764 verum
1100 706 1157 766 est.
1201 700 1306 766 Plout.
1331 701 1414 766 Rud.

277 819 294 877 7
298 817 354 878 84:
366 819 404 878 de
416 833 476 877 aro
484 816 596 890 capillo
605 817 665 876 iam
679 815 1087 889 dempiam.-Iiiscribere.
1111 811 1143 876 0.
1152 813 1176 876 Ι.
1185 812 1219 876 L.
1230 813 1254 876 Ι.
1268 818 1341 887 200,
1356 819 1413 879 7οε

276 931 359 1004 quod
379 928 445 988 cius
463 926 618 1002 pecuniae
640 927 832 1005 discriptum,
855 928 1253 1002 odsipuatumuuelobuleis
1264 928 1413 1003 publiceis

275 1046 328 1101 est.
351 1036 374 1099 I.
400 1040 478 1101 198:
501 1039 571 1114 quei
594 1055 634 1098 ex
653 1039 713 1097 bae
736 1039 804 1114 lepe
826 1039 859 1097 iu
882 1055 949 1098 eum
971 1056 1085 1098 aarum
1102 1039 1189 1098 CDL
1211 1041 1304 1100 circis
1325 1041 1414 1100 lectei

276 1155 377 1222 eruut,
409 1166 446 1210 ea
475 1151 596 1210 uomina
617 1149 716 1210 mania
739 1150 771 1208 iu
803 1149 908 1210 labala
927 1151 960 1209 iu
990 1150 1059 1210 albo
1089 1156 1261 1211 alrameulo
1282 1152 1414 1226 scriptos

269 1268 395 1337 patrem
434 1262 545 1323 tribum
575 1277 741 1337 copuomeu
775 1261 970 1336 tributimaue
1003 1262 1168 1336 discriptos
1195 1261 1314 1323 babela.
1365 1257 1414 1322 De

276 1369 512 1452 significatione
529 1367 725 1433 conferendo
742 1389 826 1450 quae
837 1367 1055 1433 Buechelerus
1065 1369 1147 1433 Mus.
1159 1369 1261 1434 Rhen.
1278 1369 1331 1433 rol
1339 1369 1414 1433 XIV

274 1503 305 1565 p.
329 1486 391 1555 598
412 1481 579 1564 exposuit:
603 1484 740 1544 ‘Mullum
762 1484 1182 1561 intersedisiaulloupeque
1197 1486 1414 1556 suuldioersa,

275 1597 417 1672 quoniam
447 1596 624 1657 describere
647 1596 772 1667 dieitur,
802 1596 856 1670 qui
886 1596 1036 1655 exscribit
1062 1597 1257 1670 aliquidaut
1279 1599 1415 1672 formam

275 1709 434 1768 cuiusdam
456 1709 504 1767 rei
525 1708 697 1779 adumbrat,
721 1706 893 1768 discribere
913 1712 1013 1767 aulem
1026 1709 1079 1782 uui
1099 1712 1190 1767 lolam
1212 1724 1276 1767 rem
1298 1709 1330 1767 iu
1352 1707 1414 1767 siu-

276 1821 366 1894 pulas
391 1824 503 1894 parles
532 1819 695 1880 scribendo
718 1819 838 1893 aliquid
866 1818 1042 1880 distribuit’.
1088 1814 1160 1878 Ter.
1183 1815 1311 1878 Phorm.
1334 1813 1414 1880 9233

278 1931 446 2006 Arpeulum
468 1947 592 1990 rursum
610 1930 680 1990 iube
701 1929 843 2000 rescribi,
865 1930 1016 1990 Pbormio.
1047 1931 1174 2002 Quodm
1190 1947 1247 2005 epo
1270 1930 1416 2005 discripsi

273 2059 370 2116 porro
392 2043 452 2102 illis
476 2041 584 2116 quibus
616 2041 710 2102 debeo
733 2037 907 2115 (descripsi
926 2036 965 2114 D,
989 2041 1167 2116 perscripsi
1188 2037 1306 2118 BCP).
1350 2036 1415 2101 Do-

276 2154 386 2213 natus:
417 2153 518 2212 mullis
545 2170 609 2228 per
637 2153 825 2227 scripturam
848 2153 983 2224 reddidi,
1009 2154 1111 2212 multis
1134 2154 1215 2213 dedi.
1259 2148 1415 2213 LuciLX

277 2267 312 2324 6:
345 2265 523 2325 bonorumsl
549 2264 701 2323 Iudicium
736 2263 867 2335 (bassis,
896 2264 976 2322 simu
998 2264 1209 2338 dirempsimus
1242 2271 1324 2337 aule,
1358 2259 1416 2325 ubi

279 2377 497 2450 descripsimus
511 2370 632 2448 Donso,
646 2369 786 2435 fortasse
798 2375 896 2434 recte.
910 2407 951 2416 -
963 2374 1134 2448 Dispicere.
1158 2369 1263 2435 Plaut.
1276 2371 1352 2436 Cist.
1361 2372 1415 2449 IV,

276 2488 305 2562 2,
328 2488 386 2549 25:
416 2490 460 2549 ad
488 2494 604 2547 lerram
629 2488 734 2562 aspice
766 2492 796 2547 el
818 2487 945 2561 dispice.
993 2482 1079 2547 Pers.
1103 2488 1182 2548 268:
1219 2486 1335 2547 Virtusl
1364 2488 1416 2547 ubi

277 2600 398 2660 occasio
420 2601 562 2660 admouet
586 2600 749 2673 dispicere.
794 2592 867 2659 Ter.
889 2593 989 2658 Andr.
1014 2597 1095 2658 622;
1123 2600 1184 2658 iam
1214 2600 1335 2673 aliquid
1355 2600 1416 2659 dis-

273 2710 388 2785 piciam
419 2706 490 2791 (nbi
524 2710 691 2785 despiciam
722 2704 769 2769 01
809 2711 943 2787 praeter
976 2706 1130 2789 sensnm),
1159 2744 1199 2751 -
1229 2710 1415 2783 Dispoliare.

277 2816 399 2900 Turpil.
425 2822 502 2882 149:
526 2816 644 2899 quibus
667 2836 732 2881 rem
752 2820 845 2880 rebus
868 2821 1051 2895 dispoliasli,
1078 2816 1135 2881 ubi
1157 2822 1330 2895 dispoliasli
1351 2816 1416 2880 No·

277 2928 323 2991 nii
342 2928 445 2993 codex
456 2927 662 3007 Harleionus‚
686 2932 844 3006 dispoliati
855 2926 1031 3007 Parisinus,
1055 2933 1224 3007 dispoliare
1238 2926 1416 3005 Palatinus,

278 3045 456 3119 despoliasli
479 3040 588 3104 ceteri.
633 3044 811 3117 blspollare
841 3044 892 3103 eet
912 3038 1067 3104 hocloco
1091 3044 1256 3119 dissipare.
1299 3039 1416 3104 Labor.

276 3155 333 3217 39:
357 3172 424 3215 eum
437 3156 616 3229 prouincias
627 3154 821 3228 Dispoliavi,
837 3157 993 3216 columnas
1005 3156 1164 3215 marellias
1237 3200 1246 3226 ,
1268 3150 1326 3214 ubi
1340 3149 1417 3214 libri

276 3262 490 3326 consentiunt.
535 3260 646 3326 Afran.
668 3264 726 3324 42:
757 3282 833 3339 quos
855 3266 979 3339 impune
1001 3268 1209 3341 depopulatur
1232 3266 1417 3341 dispoliatur

276 3378 419 3438 dedecus.
465 3377 646 3451 Dispolalur
664 3370 742 3435 libri
765 3371 871 3450 Nonii,
899 3378 1091 3451 despoliatur
1113 3377 1307 3449 Ribbeelcius,
1330 3372 1418 3455 quod
1465 3453 1468 3462 Ι

274 3489 411 3567 propter
423 3491 462 3550 de
525 3489 564 3548 de
575 3480 835 3565 praeferendum.
857 3482 951 3567 Epid.
962 3488 1023 3549 393
1033 3484 1058 3566 ¹)
1072 3483 1112 3548 de
1122 3483 1417 3564 dispolieudointel-

277 3593 358 3678 lego.
372 3632 416 3641 —
426 3600 620 3675 bissipuare.
653 3593 740 3657 Seno
752 3593 873 3658 iudicio
884 3593 1068 3680 Nettleship
1080 3594 1114 3679 (J
1115 3594 1231 3660 ournol
1247 3594 1284 3658 of
1291 3593 1373 3659 Phit
1387 3594 1418 3659 X

277 3710 319 3771 20
333 3727 364 3788 p.
381 3707 457 3789 206)
472 3706 512 3771 de
525 3705 588 3770 hoc
600 3704 758 3770 vocabulo
771 3705 839 3788 egit
851 3706 1159 3789 demonstravitque,
1175 3724 1249 3770 eum
1261 3706 1318 3789 qui
1331 3705 1418 3771 ludis

277 3822 310 3881 et
331 3817 467 3881 scenicis
489 3821 523 3882 et
544 3816 736 3882 funebribus
758 3816 940 3901 praefuerit
962 3836 1026 3882 non
1049 3822 1275 3897 desipuatorem
1298 3817 1417 3896 vocari,

348 4092 372 4160 1)
391 4090 493 4144 Bacch.
513 4091 565 4144 376
584 4090 690 4145 Nonius
709 4106 737 4159 p.
756 4091 790 4144 75
809 4089 1001 4160 dispoliabula
1018 4089 1111 4159 hebet,
1137 4089 1208 4145 unde
1226 4087 1418 4157 despoliabula
1451 4059 1457 4064 ι

280 4183 381 4239 Douso.
416 4184 478 4239 Nisi
495 4183 628 4239 librorum
639 4184 786 4253 scriptura
805 4184 1010 4253 (desidlabrda)
1029 4183 1211 4255 praeferenda
1229 4189 1311 4251 esset,
1336 4182 1417 4238 etism

281 4277 469 4349 dispoliabula
486 4278 576 4348 possit
593 4276 710 4334 defendi.
