3317 4950
717 449 932 507 „25-

257 623 328 680 aiibi
352 623 487 680 dividiae
510 627 539 680 et
560 622 645 680 serito
672 627 752 692 sarit,
780 616 850 679 Cas
874 615 903 678 ΙΙ
928 621 956 692 2,
991 621 1046 677 ll:
1078 623 1180 694 Aepre
1207 621 1286 677 idem
1318 619 1390 676 milei

257 738 303 791 est
326 730 470 794 dividiae.
515 734 609 792 crede
632 737 771 803 erassem
793 725 887 790 Troo.
914 731 992 790 856:
1022 730 1098 789 Nara
1125 731 1199 789 mibi
1229 729 1391 789 diuidiaest

258 825 433 903 tonstricem
454 859 550 902 mecm
572 844 617 902 sic
633 843 778 902 malitiam
801 845 879 901 mole
902 843 1055 902 Exstinxc
1074 847 1104 900 et
1124 857 1220 900 meam
1239 841 1391 900 Dinarchi

252 971 385 1028 puerum
421 955 573 1014 incenium
608 954 713 1026 silium.
751 987 793 996 ·—
830 954 951 1014 dividas
982 949 1068 1012 idem
1102 954 1166 1012 est·
1186 967 1225 1011 ac
1259 947 1390 1011 divisus,

258 1061 483 1125 Lachmannus
505 1059 600 1124 Lucr.
622 1082 653 1143 p.
677 1066 738 1125 306
762 1081 825 1143 quo
854 1059 927 1124 loeo
950 1060 1050 1124 verba
1075 1058 1155 1123 facit
1175 1059 1216 1123 de
1242 1064 1390 1136 reliquus,

257 1193 438 1251 consequar,
462 1177 601 1262 deliquiis
623 1171 791 1236 adieetivis
815 1171 1027 1249 demonstrat,
1048 1170 1206 1235 eiusmodi
1231 1169 1393 1234 adieetiva

257 1305 277 1347 a
298 1283 391 1348 bonis
415 1282 628 1365 scriptoribus
649 1281 782 1366 syllabis
797 1282 909 1347 divisis
939 1303 1009 1347 esse
1030 1282 1169 1366 prolata.
1213 1281 1318 1346 eidem
1340 1301 1390 1344 re·

257 1394 351 1477 gulae
368 1393 537 1459 subiacere
554 1399 717 1473 inpensas,
741 1398 901 1474 omlipuus
916 1393 990 1472 alia,
1006 1393 1202 1477 discrepare,
1224 1392 1391 1475 inquibus

255 1507 445 1589 incorrupta
466 1505 510 1570 sit
530 1505 638 1569 media
660 1505 815 1589 simplicis
838 1504 964 1589 syllaba
979 1527 1052 1570 cum
1067 1504 1172 1569 vocali
1186 1525 1246 1569 sua
1260 1509 1391 1587 praeter

257 1638 283 1695 e,
306 1623 483 1696 condredus
587 1621 718 1692 dividas,
741 1615 798 1681 sed
818 1625 990 1698 coafropus
1011 1615 1226 1699 airangendo
1241 1637 1305 1678 non
1321 1635 1392 1679 esse

258 1727 437 1810 antiquum,
460 1748 524 1792 non
546 1733 635 1793 recte
659 1727 798 1808 factum3
821 1749 886 1792 non
899 1710 1063 1812 pertinere
1085 1732 1195 1792 autem
1211 1725 1284 1805 huc,
1308 1747 1391 1809 quae

256 1840 324 1904 sine
346 1839 588 1923 praepositione
608 1859 672 1903 non
694 1839 799 1903 minus
819 1839 967 1922 integrae
988 1844 1150 1918 maneant,
1172 1843 1391 1904 adrasus...

256 1970 320 2034 quo
353 1955 494 2015 dividuas
518 1949 724 2014 referendum
753 1971 833 2029 esse,
864 1950 950 2032 quod
978 1951 1125 2034 plerique
1154 1950 1202 2014 ita
1231 1949 1391 2028 dixerunt,

256 2061 381 2126 scilicet
403 2083 424 2125 a
445 2061 541 2126 viduo
566 2061 715 2126 similiter
746 2061 930 2141 deductum,
960 2068 997 2126 ut
1029 2061 1195 2126 dimidium
1226 2083 1247 2124 a
1275 2061 1390 2125 medio.

254 2173 406 2256 legimus
430 2177 550 2237 dividas
572 2192 636 2237 uuo
657 2177 785 2238 tantum
807 2172 879 2237 loco
902 2173 989 2257 apud
1011 2174 1135 2238 Attium
1160 2178 1237 2237 117:
1271 2178 1391 2251 Nosque

256 2295 289 2349 ui
310 2305 447 2348 seorsum
470 2289 588 2348 divides
610 2290 668 2348 leto
693 2292 814 2365 offeres.
860 2284 984 2349 Nonius
1006 2307 1037 2368 p.
1051 2291 1102 2365 95,
1126 2290 1183 2348 24:
1207 2289 1335 2360 divides,
1358 2289 1393 2348 id

256 2406 302 2459 est
324 2406 495 2474 separatos.
519 2434 561 2442 --
584 2399 736 2462 dividuus.
776 2399 916 2480 primum
937 2395 1131 2461 vocabulum
1159 2395 1194 2459 id
1222 2393 1390 2479 significat,

256 2508 343 2599 quod
371 2506 471 2571 dividi
500 2512 617 2590 potest,
648 2507 723 2571 dein
745 2508 831 2572 idem
862 2513 912 2573 est
941 2530 980 2573 ac
1008 2508 1137 2573 divisus.
1181 2507 1287 2571 Plaut.
1308 2507 1390 2571 Rud.

258 2625 356 2685 1408:
385 2623 549 2683 Dividuom
579 2625 724 2683 calcatam
747 2625 887 2699 sociam
914 2619 985 2685 Ter.
1007 2619 1142 2704 Adelph.
1176 2624 1254 2683 241:
1286 2624 1391 2683 Polias

256 2752 346 2809 quom
373 2734 475 2795 venies
505 2734 537 2793 ia
562 2736 724 2810 periclum,
753 2736 869 2796 Soneio
899 2737 1050 2796 Servesne
1071 2753 1112 2796 eo
1137 2738 1259 2811 perdes
1288 2740 1390 2805 totam,

256 2847 409 2907 dividuam
425 2849 509 2921 face-

340 2956 357 3041 §
381 2960 408 3019 3.
453 2953 669 3019 Transeamus
680 2953 722 3019 ad
736 2955 910 3019 tractanda
925 2976 965 3019 ea
975 2954 1084 3034 rerba,
1107 2954 1225 3037 quibus
1236 2954 1322 3018 inest
1341 2952 1390 3017 ris

256 3046 416 3149 quaedam
430 3066 604 3150 separandi
627 3066 678 3129 vel
701 3066 902 3149 segregandi.
947 3068 1038 3145 Quae
1052 3067 1100 3130 vis
1114 3071 1151 3130 ut
1172 3066 1312 3150 apriore
1334 3065 1391 3129 illa

255 3178 354 3243 ducta
384 3184 434 3243 est
460 3179 508 3242 ita
532 3179 628 3243 etiam
651 3178 701 3243 his
730 3178 764 3242 iu
786 3178 894 3242 verbis
923 3178 1113 3261 principalis
1135 3177 1150 3241 f
1173 3178 1212 3242 'tz
1243 3177 1301 3242 sed
1330 3200 1391 3241 usu

255 3289 378 3354 factum
400 3294 458 3368 est,
482 3295 518 3353 ut
536 3289 726 3374 principalis
748 3291 795 3354 ris
819 3289 922 3372 magis
938 3288 1177 3354 obscuraretur.
1207 3289 1275 3353 -Sic
1296 3290 1330 3352 iu
1352 3310 1391 3353 eo

255 3400 364 3479 verbo,
395 3420 415 3465 a
445 3421 509 3482 quo
533 3401 662 3466 initium
684 3401 751 3479 fiat,
775 3407 901 3481 diiaapo
924 3402 997 3484 (pro
1021 3422 1085 3483 quo
1107 3407 1140 3465 et
1162 3407 1305 3480 disiuapo
1326 3400 1390 3464 dici

256 3534 355 3595 supra
383 3512 515 3596 monui).
560 3513 625 3576 Mil.
649 3512 689 3595 gl.
715 3517 814 3577 1327:
845 3534 933 3591 quom
955 3534 1011 3593 epo
1032 3533 1140 3576 servas
1163 3519 1286 3590 quondo
1308 3518 1390 3590 ospi-

255 3628 302 3687 cio
324 3628 414 3699 tuac,
437 3630 611 3700 lacrumae,
635 3628 708 3703 quic
731 3629 936 3703 disruptorum
957 3623 1014 3687 ubi
1034 3622 1224 3706 principalis
1247 3624 1295 3687 vis
1315 3644 1390 3687 oon-

257 3734 371 3817 spicua
393 3738 450 3799 est.
495 3734 698 3799 Obscuratur
719 3735 777 3799 illa
799 3736 871 3799 Ter.
896 3736 973 3820 Heo.
998 3740 1075 3800 160:
1099 3746 1191 3813 oldae
1211 3756 1249 3799 ee
1271 3756 1323 3798 res

258 3850 398 3909 diiunxit
420 3850 503 3909 illum
528 3850 565 3910 ab
588 3852 650 3911 ido.
690 3846 735 3911 ef.
755 3867 839 3928 quae
862 3846 903 3910 de
927 3851 1038 3927 differe
1060 3854 1093 3910 et
1116 3852 1290 3911 distrahere
1313 3846 1390 3910 dixi.

255 3956 345 4021 Idem
370 3956 410 4021 de
426 3962 610 4021 discedendo
632 3956 812 4021 dicendum.
858 3954 1061 4040 Proprie'est
1075 3958 1109 4021 in
1126 3962 1265 4022 diversos
1280 3969 1391 4037 partes

255 4075 319 4133 ire:
351 4068 424 4132 dein
448 4068 510 4131 vim
533 4069 750 4151 separativam
772 4069 874 4133 habet
902 4069 951 4133 his
972 4068 1068 4133 locis:
1096 4069 1168 4133 Ter.
1192 4070 1290 4133 Andr.
1314 4075 1390 4133 148:

256 4185 305 4244 Ite
328 4190 389 4253 tam
410 4184 534 4243 discedo
557 4183 594 4243 ab
618 4184 678 4245 illo,
724 4180 827 4243 Plaut.
846 4181 931 4244 Asin.
956 4186 1035 4245 603:
1058 4185 1178 4244 chisto
1201 4202 1261 4243 noc
1278 4187 1390 4258 pedem

256 4295 411 4356 discedot:
436 4297 514 4355 251:
536 4296 597 4354 idm
620 4298 701 4355 diust
718 4300 839 4371 factam
862 4312 949 4372 quom
966 4296 1090 4359 discesti
1113 4296 1152 4355 ab
1175 4313 1237 4356 ero.
1262 4328 1305 4340 —
1328 4297 1388 4362 dis.
