3317 4950
718 441 934 501 ..23-

264 607 355 672 Hane
375 607 503 672 dicendi
526 607 790 672 consuetudinem
815 607 933 670 siccent
954 607 1070 671 verba:
1099 613 1292 671 discruciare
1314 606 1345 671 h.
1369 629 1395 670 e.

257 719 305 783 ita
335 720 483 784 cruciare
512 724 549 783 ut
579 740 696 802 eorpus
726 717 851 782 differri
880 719 1031 782 videatur
1059 717 1110 782 vel
1141 718 1285 796 animus,
1320 717 1395 781 dein

259 830 534 909 midsommers,
567 836 728 912 torquere.
774 830 969 913 Plerumque
999 829 1134 894 verbum
1155 829 1284 913 passive
1303 851 1397 893 usur·

259 948 357 1026 pater
381 947 414 1006 et
435 940 478 1005 ad
501 942 643 1006 animum
665 941 814 1021 refertur,
837 942 883 1006 sie
899 940 1003 1007 Plaut.
1018 941 1088 1006 Aul.
1114 946 1193 1006 105:
1216 945 1397 1005 Discrucior
1457 999 1461 1005 .

261 1059 365 1130 animi,
389 1058 462 1133 quia
486 1057 523 1118 ab
545 1060 630 1118 domo
653 1059 855 1118 abeuudumst
875 1059 964 1129 mihi;
990 1053 1077 1116 Trin.
1102 1058 1181 1118 103:
1203 1056 1288 1117 Haec
1310 1074 1397 1131 quom
1503 1108 1509 1117 .

260 1170 353 1230 audio
373 1169 406 1228 iu
429 1175 458 1228 te
480 1171 551 1242 dici,
575 1169 748 1230 discrucior
771 1171 883 1240 misem
904 1165 1017 1229 eodem
1041 1185 1138 1228 sensu
1159 1163 1311 1246 legimus:
1335 1170 1396 1229 dis·

262 1282 386 1341 crucior
406 1275 511 1341 Plaui.
534 1275 652 1341 Bacch.
673 1281 746 1356 435,
768 1276 839 1340 Cas.
862 1276 894 1339 Η
915 1281 944 1354 3,
968 1282 1018 1355 58,
1040 1275 1138 1340 Poen.
1161 1280 1240 1355 3683
1268 1273 1396 1339 Terent.

262 1387 398 1472 Adelph.
418 1393 502 1454 610:
524 1409 558 1453 se
577 1393 771 1454 discruciare
794 1392 902 1451 exstat
924 1385 1012 1470 apud
1033 1386 1115 1450 Nou.
1137 1409 1168 1470 p.
1198 1391 1270 1452 572.
1291 1385 1396 1450 Plaui.

261 1499 402 1580 Fragm.:
429 1505 511 1576 Quid
529 1505 736 1564 murmuriiias
753 1508 850 1562 tecum
870 1508 900 1562 et
925 1508 954 1562 te
977 1503 1398 1577 discruciasi-discupere

261 1610 347 1677 idem
371 1631 451 1689 esse,
480 1616 578 1693 atque
600 1610 694 1674 valde
723 1629 851 1693 cupere,
881 1608 1100 1692 intellegimus
1122 1629 1163 1674 ex
1184 1608 1288 1674 Plaut.
1310 1609 1396 1674 Trin.

262 1727 340 1788 931:
363 1726 460 1786 Lubet
473 1728 594 1799 audire,
618 1727 678 1786 uisi
689 1727 880 1786 molestumst.
906 1726 986 1799 Quiri
1000 1726 1140 1800 discupio
1155 1726 1268 1786 dicere.
1281 1758 1324 1770 —
1336 1727 1396 1786 dis-

259 1840 365 1912 pudet,
395 1833 490 1898 valde
510 1832 619 1917 pudet.
664 1832 769 1898 Plaui.
791 1832 909 1897 Bacch.
939 1837 1017 1898 481:
1049 1838 1126 1896 Num
1145 1838 1209 1898 aiio
1229 1853 1398 1897 memorare

262 1966 341 2024 quae
371 1951 454 2010 iilum
479 1953 592 2025 facere
622 1951 694 2021 oidi,
726 1951 889 2024 dispudct;
917 1944 1012 2008 Most.
1037 1949 1138 2010 1166:
1171 1949 1205 2008 Si
1226 1950 1283 2009 icoc
1298 1951 1398 2023 pudet

256 2061 373 2136 fecisse
395 2067 553 2136 sumptum,
583 2061 727 2136 supplicii
750 2060 846 2121 haheo
864 2061 950 2120 satis.
985 2059 1143 2135 Dispudet.
1178 2061 1212 2120 Si
1230 2062 1319 2120 utam
1341 2063 1397 2120 dos

262 2173 389 2244 oesiam,
411 2173 486 2248 quid
506 2190 552 2232 me
573 2177 627 2246 siet
645 2189 727 2232 uuus
744 2172 827 2232 ium?
849 2166 921 2231 Ter.
944 2168 1024 2231 Eun.
1048 2172 1126 2232 832:
1148 2173 1293 2243 Scelesta,
1317 2188 1398 2230 ooem

262 2285 333 2357 lupo
356 2285 509 2344 commisti.
556 2285 699 2358 dispudet
712 2285 764 2343 Sic
784 2283 857 2344 mihi
880 2285 955 2344 duta
976 2300 1052 2344 esse.
1097 2283 1173 2357 quid
1188 2283 1255 2343 iiiut
1270 2283 1398 2342 homimis

262 2397 327 2455 est?
338 2429 380 2437 -
394 2395 554 2467 distaedet,
577 2390 672 2455 vaide
692 2379 811 2455 taedet.
857 2391 927 2456 lam
942 2391 976 2455 in
989 2390 1128 2454 Charisii
1140 2390 1219 2454 Arte
1235 2410 1397 2472 gramma-

262 2502 329 2567 tica
340 2504 383 2587 ⁵⁹)
397 2504 552 2585 legimus:
576 2509 623 2570 dis
639 2525 703 2583 pro
717 2509 805 2569 ooide
820 2509 853 2567 iu
870 2510 1023 2583 dispudet,
1048 2508 1208 2568 distaedet.
1241 2502 1397 2566 Taedium

262 2614 312 2678 vel
334 2614 440 2698 pudor
461 2615 494 2678 iu
518 2636 628 2679 omnes
661 2615 807 2698 corporis
829 2621 940 2698 partes
963 2614 1093 2698 penitus
1114 2619 1288 2697 penetrare
1309 2614 1398 2678 vide·

261 2731 324 2789 tur.
347 2724 452 2790 Plaui.
469 2725 583 2809 Amph.
601 2732 677 2792 503:
701 2731 821 2792 Adeas?
842 2732 963 2805 Edepol
973 2732 1061 2790 houd
1082 2731 1164 2805 quod
1181 2731 1225 2790 tui
1239 2747 1286 2789 me
1300 2747 1398 2803 uepue

263 2843 342 2901 domi
364 2843 558 2903 distaedeot?
588 2838 659 2903 Ter.
681 2838 775 2903 Phor.
801 2843 1088 2916 lOllztDemipiio,
1112 2847 1142 2901 te
1163 2844 1300 2916 appello:
1328 2858 1398 2901 uum

262 2970 329 3014 cum
359 2954 416 3013 troc
443 2954 510 3028 ipso
541 2955 693 3015 distaedet
717 2956 809 3029 loqui.
854 2950 998 3015 Verbum
1021 2952 1216 3027 discupicudi
1244 2953 1278 3011 et
1298 2947 1398 3012 verba

261 3060 491 3148 impersopalia
516 3067 669 3141 dispudet,
699 3068 851 3128 distaedet
873 3061 943 3126 sola
965 3061 1054 3145 apud
1075 3059 1200 3143 priseos
1222 3059 1398 3142 scriptores

261 3171 412 3236 videniur
440 3177 577 3237 exstare.
607 3211 642 3219 -·
670 3178 873 3252 distorquere,
905 3174 938 3236 iu
968 3172 1114 3237 diversas
1141 3176 1268 3255 paries,
1304 3170 1398 3234 valde

261 3287 422 3365 torquere.
467 3282 538 3347 Ter.
561 3283 641 3347 Eun.
666 3289 743 3349 670:
773 3289 848 3348 Iiiut
866 3289 946 3360 vide,
977 3305 1011 3347 os
1031 3293 1066 3347 ut
1088 3287 1147 3347 sibi
1168 3287 1306 3348 distorsit
1327 3304 1396 3345 car-

262 3401 368 3475 uuseoc.
392 3430 436 3441 -
458 3393 528 3458 Hoc
540 3394 612 3459 loco
628 3395 726 3459 etiam
741 3394 781 3459 de
798 3400 977 3460 discerendi
988 3395 1088 3460 verbo
1100 3395 1214 3478 paucis
1226 3394 1395 3476 agendum.

261 3506 381 3589 legitur
406 3505 511 3569 Plaui.
532 3506 615 3570 Meu.
646 3511 707 3573 249
736 3528 776 3571 ex
805 3506 846 3570 ed
875 3507 929 3573 li:
960 3511 1079 3571 Dictum
1103 3514 1247 3586 facessas
1278 3512 1397 3570 doctum

264 3627 293 3681 et
322 3622 482 3683 discaocus
512 3625 600 3683 molo.
652 3616 788 3683 Codices
816 3618 924 3683 varias
952 3618 1132 3702 scripturas
1159 3617 1334 3701 praebent:
1370 3617 1397 3679 B

263 3733 329 3794 edis
352 3750 473 3805 caveas,
497 3728 521 3793 C
543 3735 729 3807 ediscaoeas,
759 3730 785 3793 F
808 3741 838 3794 et
859 3735 1036 3806 discuoeus;
1066 3740 1096 3793 et
1117 3734 1276 3795 discooeus
1299 3729 1396 3792 eiiam

263 3840 469 3905 Camerarius
492 3845 591 3923 atque
614 3862 687 3905 eum
710 3846 882 3924 sequentes
904 3841 1102 3905 recentiores
1119 3840 1261 3905 editores
1276 3840 1309 3903 iu
1322 3859 1396 3904 cou-

263 3956 389 4015 texium
413 3957 616 4036 receperunt.
661 3953 730 4035 Ego
750 3952 884 4017 verbum
907 3957 1086 4017 discaueudi
1108 3951 1293 4016 reicendum
1307 3956 1396 4035 puto.

262 4063 408 4142 Primum
430 4063 623 4129 vocabulum
653 4063 725 4128 aliis
755 4064 835 4129 locis
862 4084 927 4127 non
948 4063 1120 4142 invenitur,
1151 4062 1225 4127 dein
1255 4083 1319 4126 non
1348 4067 1398 4126 est

331 4304 374 4377 59)
394 4302 441 4366 Gr,
463 4302 494 4364 L.
514 4303 547 4357 K.
568 4304 589 4374 Ι,
610 4304 667 4361 198,
