3317 4950
745 412 940 473 ..4.-

226 597 229 601 ·
261 576 345 658 sisio,
359 582 495 659 dissero;
513 583 662 655 distraho,
683 583 831 656 disturba,
850 584 1045 659 distorqueo;
1066 584 1222 657 disiectus,
1245 585 1397 662 disinnpo.

262 695 333 755 aliis
360 711 432 754 oero
463 681 700 770 quibuscumque
725 695 964 756 consonantibus
985 696 1182 771 sequentibus
1206 697 1238 757 di
1263 713 1398 772 praepo-

261 807 363 879 nitnr;
385 807 510 879 dimitto,
534 807 635 879 dirno,
659 807 780 879 diduco,
805 807 924 882 dipero,
947 808 1039 868 diluo.
1058 813 1087 867 et
1104 807 1217 883 ubique
1233 809 1320 883 prod
1334 809 1398 869 noi·

262 924 312 979 tnr
329 919 512 992 dissaepta
528 917 638 978 dirimo
653 923 683 976 et
698 919 843 979 disertus.
862 953 902 962 -
919 914 1030 980 Velius
1036 915 1167 998 Longus
1175 914 1231 980 Gr.
1240 915 1260 980 l.
1269 915 1330 980 VII
1343 920 1398 981 64:

184 1087 188 1094 .
261 1031 299 1089 m
322 1030 354 1089 in
374 1029 606 1105 praepositione
628 1031 666 1090 de
687 1029 840 1090 minimum
862 1036 907 1090 est
929 1030 1159 1103 observationis,
1187 1037 1332 1105 quantum
1355 1033 1398 1092 ad

261 1141 524 1217 ortboprapbiam,
548 1157 609 1200 non
624 1142 706 1216 qnod
718 1142 762 1202 ad
771 1141 1025 1218 sipnificationem
1042 1142 1188 1216 pertinet.
1205 1144 1304 1217 plena
1319 1144 1399 1203 enim

260 1253 293 1312 in
315 1252 580 1328 compositionibus
595 1254 726 1327 ponitur
748 1258 782 1312 nt
804 1255 960 1315 deducere
1039 1270 1109 1313 nam
1130 1254 1159 1314 si
1180 1256 1304 1329 qnando
1326 1271 1344 1314 e
1365 1256 1398 1314 in

260 1366 272 1424 i
302 1365 435 1425 litteram
464 1365 587 1437 transit,
618 1363 656 1424 ab
691 1365 755 1425 alia
778 1365 1011 1441 praepositione
1032 1365 1182 1441 oripinem
1205 1367 1298 1427 ducit.
1331 1383 1398 1426 cum

262 1477 340 1536 enim
365 1477 493 1538 dicimus
516 1476 647 1548 dimovit,
677 1481 711 1536 nt
732 1481 778 1536 est
809 1477 932 1538 dimouit
959 1476 1113 1538 obstantes
1131 1479 1337 1553 propinquos,
1369 1484 1399 1538 et

260 1593 314 1648 tua
338 1589 432 1648 terris
455 1587 554 1648 didita
571 1591 669 1664 famu,
691 1588 823 1648 iamnon
845 1593 892 1648 est
913 1589 989 1649 ade
1004 1584 1240 1663 praepositione
1260 1591 1318 1651 sed
1339 1590 1397 1662 dis,

261 1705 290 1760 et
311 1701 457 1760 unitatem
480 1700 634 1775 qnondam
656 1701 865 1775 complectitur
887 1701 970 1761 ooois
1063 1705 1215 1775 quatenns
1236 1701 1398 1762 incidimus

262 1812 294 1870 in
324 1813 504 1872 mentionem
528 1812 772 1887 praepositionis
796 1799 853 1884 dis,
888 1811 1100 1874 adnotabimus
1122 1817 1152 1872 et
1173 1813 1256 1873 illam
1271 1815 1398 1888 plenam

254 1923 434 1998 praescribi
456 1923 579 1995 ceteris,
611 1924 741 1983 nisibis
761 1924 909 1999 partibus
929 1925 1078 1984 orationis
1104 1940 1184 2005 puae
1205 1924 1357 1998 incipiunt
1378 1940 1398 1983 a

259 2035 363 2095 littera
384 2051 421 2107 m,
442 2040 477 2094 nt
499 2034 629 2106 dimouit,
652 2040 707 2094 aut
728 2052 758 2107 n,
781 2041 817 2095 ut
836 2036 976 2108 dinoscit,
998 2040 1054 2096 ant
1072 2037 1093 2107 l,
1114 2040 1149 2094 nt
1170 2036 1268 2107 diluit,
1291 2040 1346 2095 ant
1368 2035 1396 2107 b,

259 2151 294 2206 ut
323 2145 489 2219 dibucinat,
521 2151 575 2206 ant
594 2164 626 2222 p,
653 2151 688 2205 nt
716 2147 840 2222 diperit,
872 2152 927 2208 aut
947 2147 976 2206 si
998 2147 1063 2207 ad
1092 2146 1197 2206 littera
1227 2146 1337 2221 incipit
1363 2152 1398 2206 nt

260 2259 375 2341 diditus
404 2259 550 2332 anamodo
580 2255 733 2333 Verpilius
761 2263 825 2318 ‘tua
855 2259 949 2318 terris
980 2259 1079 2319 didita
1107 2259 1206 2333 fama'
1237 2264 1291 2318 ant
1320 2259 1352 2318 in
1378 2261 1404 2335 f

259 2371 392 2430 litteram
414 2370 561 2442 transire,
583 2370 611 2428 si
634 2369 671 2430 ab
694 2370 754 2430 bac
777 2371 883 2430 eadem
905 2386 1036 2444 sequens
1059 2386 1118 2431 oox
1131 2370 1261 2445 incipiat
1279 2375 1314 2430 ut
1337 2371 1396 2446 dif-

254 2483 350 2558 fudit.
364 2514 408 2525 -
421 2477 645 2543 Cassiodorius
654 2476 709 2541 Gr.
716 2476 737 2541 l.
750 2478 810 2543 VH
818 2500 849 2562 p.
860 2482 937 2543 163:
953 2482 1010 2542 Dis
1017 2483 1212 2558 praepositio
1224 2501 1240 2542 s
1252 2489 1398 2558 sequente

259 2595 392 2655 litteram
413 2612 429 2653 s
451 2610 512 2653 non
534 2594 645 2654 amittit
665 2599 700 2653 ut
723 2593 885 2668 disspicio,·
904 2593 1102 2669 sequentibus
1123 2610 1196 2654 aero
1218 2593 1246 2666 b,
1269 2595 1300 2667 d,
1322 2612 1353 2670 p,
1376 2596 1397 2665 l,

259 2722 296 2778 m,
319 2722 350 2778 n,
373 2706 516 2766 ramittit
540 2710 574 2765 nt
597 2704 764 2771 dibucinat,
789 2705 916 2778 diducit,
940 2705 1065 2781 diperit,
1082 2706 1244 2778 dilacerat,
1259 2706 1396 2778 dimovet,

260 2817 391 2878 dinoscit
406 2817 523 2892 ¹diripit
553 2816 726 2891 (interdum
747 2835 763 2877 s
792 2818 896 2878 littera
925 2823 1111 2893 sequenter
1137 2818 1170 2876 in
1199 2818 1327 2877 eandem
1350 2818 1396 2878 lit·

260 2934 358 2989 teram
380 2935 525 3002 mutatur,
555 2934 589 2989 ut
612 2930 809 3004 dirrumpo);
837 2932 1024 3006 sequentes
1047 2930 1156 2990 nostra
1177 2929 1397 2990 consuetudine

258 3042 290 3101 in
306 3043 434 3102 eandem
448 3046 543 3101 mntnt
559 3042 691 3102 litteram
713 3046 747 3101 nt
769 3042 919 3117 diffundo.
936 3074 977 3084 -
993 3036 1083 3102 Idem
1097 3035 1152 3101 Gr.
1165 3036 1185 3101 l.
1197 3036 1259 3102 VH
1273 3058 1304 3120 p.
1317 3041 1396 3102 205:

260 3154 404 3228 disspicio
424 3152 548 3213 verbum
652 3169 715 3227 per
738 3155 798 3214 dno
903 3171 918 3211 s
939 3152 1136 3213 scribendum
1164 3159 1219 3225 est,
1249 3169 1310 3212 non
1332 3168 1396 3227 per

258 3281 362 3336 nnnm,
394 3265 537 3340 qnoniam
559 3280 599 3323 ex
621 3264 857 3340 praepositione
880 3270 910 3325 et
930 3263 1021 3324 oerbo
1044 3269 1164 3325 constat
1186 3280 1253 3324 esse
1278 3280 1396 3339 compo-

258 3377 348 3435 situm
370 3376 619 3450 quenadmodum
639 3382 669 3436 et
686 3376 852 3452 conspicio,
874 3377 1002 3452 aspicio,
1026 3375 1179 3452 despicio;
1201 3392 1239 3437 ac
1257 3392 1318 3451 per
1339 3377 1397 3436 boc

252 3504 316 3563 per
339 3488 399 3548 dna
421 3505 437 3546 s
460 3487 588 3563 disspici
608 3486 704 3547 scribi
726 3488 815 3549 debet
831 3492 860 3547 et
880 3490 925 3549 ito
948 3488 1054 3561 diuidi,
1078 3489 1126 3549 dis
1140 3493 1171 3548 et
1191 3488 1298 3563 spicio.
1322 3504 1395 3547 non-

258 3600 335 3660 nulli
347 3615 419 3659 aero
439 3590 568 3674 dispicio
584 3615 649 3674 per
661 3616 754 3660 unum
768 3618 784 3659 s
800 3600 995 3661 scribendum
1011 3605 1137 3676 putant,
1161 3600 1244 3674 quod
1262 3614 1395 3674 praepo-

259 3712 329 3771 sitio
351 3712 506 3772 interdnm
529 3711 662 3771 litteram
687 3712 815 3785 perdat,
843 3718 878 3771 ut
899 3717 945 3771 est
967 3712 1089 3784 diduco,
1117 3711 1228 3783 divido,
1251 3710 1394 3771 diiudieo.

257 3824 315 3883 sed
332 3822 439 3882 melius
455 3828 502 3882 est
516 3839 579 3897 per
595 3824 682 3883 duos
696 3822 792 3882 scribi
808 3822 964 3897 disspicio.
979 3855 1023 3867 -
1037 3818 1185 3883 Donatus
1198 3816 1254 3882 Gr.
1267 3817 1287 3881 l.
1306 3816 1351 3883 lv
1363 3837 1394 3900 p.

259 3932 320 3993 366
333 3952 340 3994 ι
364 3948 444 4007 auae
456 3935 704 4008 praepositiones
715 3939 796 4005 sunt,
819 3951 899 4010 puae
912 3934 1094 3995 dictionibus
1110 3934 1249 3994 seroinnt
1264 3938 1293 3993 et
1306 3948 1394 4008 sepa·
1500 3992 1504 3997 .

257 4046 327 4106 rori
346 4062 407 4105 non
425 4047 579 4119 possunt?
623 4044 673 4118 ot,
706 4046 763 4118 dis,
786 4062 833 4119 re,
855 4061 899 4118 se,
923 4063 981 4119 am,
1011 4062 1079 4106 con.
1105 4046 1282 4118 Quomodo?
1312 4044 1394 4103 Ilici-

257 4175 323 4217 mus
350 4157 428 4217 enim
456 4156 567 4216 diduco
599 4158 747 4219 distraho.
792 4152 839 4219 Of.
862 4153 995 4236 Sergius
1025 4153 1108 4236 expl.
1131 4152 1165 4215 in
1187 4151 1268 4216 Dan.
1295 4152 1394 4234 prior.

260 4263 394 4338 (Aneod.
418 4262 524 4347 Helu.)
555 4285 586 4347 p.
619 4269 697 4329 158:
726 4276 797 4329 sunt
827 4270 910 4329 aliae
937 4286 995 4328 sex
1018 4267 1279 4343 praepositiones,
1316 4283 1396 4341 aune
