3317 4950
756 427 966 486 ...22-

295 588 381 653 dere.
425 589 530 654 Pleut.
553 590 617 654 Mil.
635 591 675 674 gl.
700 598 781 658 1407
791 617 798 657 :
827 597 883 659 Uti
904 600 993 660 ludet.
1018 602 1191 675 dispennite
1213 603 1360 661 hominem
1384 604 1428 661 di-

295 721 415 765 vorsum
443 713 474 766 et
494 706 658 768 distennite
687 704 765 788 (iam
788 705 949 771 Menrsius
979 706 1184 772 scribendum
1217 730 1288 772 esse
1320 714 1430 773 censet

295 817 468 890 distennite,
490 834 554 877 uon
575 819 748 893 distendito,
770 817 910 900 primum
930 819 1017 901 quod
1034 819 1181 884 Donatus
1198 819 1240 884 nd
1251 820 1323 884 Ter.
1334 820 1429 885 Phor.

295 929 373 988 330:
410 928 466 1001 (lui
488 929 589 990 istuc?
622 932 700 1004 (luia
722 950 782 992 non
807 940 874 994 rete
895 936 1039 1009 accipitri
1060 937 1196 995 tenuitur
1219 953 1318 1011 neque
1339 938 1430 996 miluo

293 1033 486 1099 vocabulum
507 1038 652 1102 tennitnr
672 1044 820 1119 testetur,
844 1040 927 1120 dein,
950 1041 1039 1124 quod
1052 1048 1151 1126 poete
1166 1064 1346 1107 sermonem
1362 1043 1429 1108 vul·

295 1175 405 1238 genem
428 1175 498 1220 esse
519 1151 666 1216 imitatus
682 1150 860 1236 videatur);
885 1154 955 1217 Ges.
971 1154 1014 1217 IV
1033 1159 1059 1233 1,
1085 1159 1140 1221 19:
1168 1159 1301 1234 Cupiunt
1322 1166 1427 1219 eutra-

294 1272 370 1332 dere
398 1271 536 1331 ineenem
564 1284 605 1328 en
633 1267 771 1339 aeditus,
806 1267 843 1328 Ut
870 1270 958 1343 ipsu
986 1272 1072 1331 solae
1101 1278 1223 1332 ventres
1253 1270 1432 1332 distendant

293 1399 365 1442 suos
395 1376 471 1461 (hoe
500 1377 572 1442 loeo
594 1373 694 1439 uerbo
724 1373 837 1440 similis
868 1375 915 1440 vis
946 1397 986 1440 ue
1015 1377 1114 1442 verbo
1142 1376 1297 1461 implendi
1327 1378 1429 1443 inest:

292 1494 435 1557 treetum
457 1493 507 1554 est
527 1487 568 1553 eb
591 1492 674 1565 utre,
697 1486 753 1568 qui
775 1507 849 1551 oum
871 1486 986 1571 plenus
1009 1493 1067 1568 est,
1090 1510 1130 1554 ex
1145 1488 1232 1553 omni
1247 1490 1342 1572 purte
1359 1490 1429 1549 ten·

293 1600 391 1679 ditur,
411 1621 533 1665 vacuus
555 1619 631 1664 vero
654 1597 785 1663 laxetur
807 1604 842 1662 et
865 1599 1102 1684 contrahitur);
1134 1600 1220 1665 idem
1243 1598 1312 1665 fere
1331 1595 1429 1678 sigui-

293 1711 371 1777 ficat
394 1712 469 1777 Lus.
493 1711 559 1776 Sat.
586 1709 702 1787 XXVI,
726 1716 780 1775 60:
883 1721 927 1788 ut,
949 1717 978 1775 si
997 1717 1120 1776 elooiem
1141 1720 1254 1793 faeere
1274 1733 1336 1792 per
1360 1729 1428 1773 aen·

293 1835 369 1888 trem
391 1829 464 1890 uelis
489 1829 591 1889 Sudor
612 1843 646 1886 se
666 1825 802 1886 omnihus
828 1827 959 1888 distento
981 1844 1113 1903 corpore
1143 1828 1268 1903 expirat
1297 1827 1363 1886 uiis.
1387 1857 1428 1867 -

295 1941 455 2014 deterere,
483 1935 517 1999 in
546 1933 691 1998 diversas
721 1938 833 2016 partes
858 1939 979 2011 terere,
1009 1934 1083 1999 dein
1107 1935 1239 2014 erebro,
1264 1932 1429 1999 subtiliter

276 2045 408 2112 terere.
436 2046 547 2112 Geton.
560 2045 590 2109 d.
613 2067 637 2108 r.
663 2065 688 2108 r.
707 2044 839 2109 LXXV:
867 2048 956 2110 Casei
971 2053 1079 2125 pondo
1093 2051 1133 2110 II
1143 2052 1219 2112 hene
1242 2051 1372 2110 disterat
1395 2049 1427 2106 in

293 2163 449 2223 mortario.
472 2163 524 2222 uhi
545 2161 621 2222 hene
642 2161 821 2233 distrioerit,
846 2161 976 2237 farinae
998 2163 1161 2238 silipinene
1190 2162 1299 2223 librom
1323 2166 1378 2220 aut
1401 2160 1428 2218 si

294 2275 374 2332 uoles
398 2274 534 2333 tenerius
555 2289 623 2332 esse
644 2271 788 2332 selibram
802 2272 1093 2348 similapinissolum
1113 2276 1216 2358 eodem
1229 2274 1336 2344 indito,
1352 2289 1428 2346 per-

293 2385 475 2460 mis-cetoque
498 2401 565 2444 eum
579 2399 669 2444 caseo
683 2383 768 2443 bene.
791 2417 833 2426 -
857 2383 1022 2446 distinere.
1068 2380 1178 2445 Afrun.
1200 2386 1218 2444 7
1222 2387 1257 2446 3:
1280 2401 1362 2444 nune
1384 2389 1429 2442 est

294 2498 443 2557 distentus
455 2497 575 2556 animus
593 2540 616 2555 ..
632 2496 770 2571 nepotiis.
785 2527 825 2538 -
839 2496 1015 2558 distrahere
1028 2498 1222 2572 distorquere
1230 2492 1361 2576 proprie
1378 2496 1429 2554 est

293 2604 326 2667 iu
335 2602 480 2668 diversas
491 2607 603 2686 partes
615 2602 756 2680 trahere,
773 2603 967 2687 discerpere,
980 2603 1055 2668 dein
1067 2604 1228 2683 dirimere,
1242 2603 1427 2668 dissolvere.

294 2714 399 2779 Plani.
425 2715 517 2780 Cure.
540 2720 618 2780 236:
638 2718 714 2778 Lien
739 2726 857 2792 enecat,
880 2736 972 2779 renes
994 2722 1106 2792 dolent,
1130 2721 1291 2779 mimones
1314 2719 1427 2779 distra-

293 2831 418 2902 huntur,
442 2830 603 2890 cruciatur
618 2830 720 2907 ieeur3
741 2826 860 2892 Pacuv.
876 2831 953 2892 159:
975 2832 1052 2891 Nom
1074 2838 1103 2891 te
1119 2833 1151 2891 in
1163 2831 1320 2891 tenehrieu
1333 2846 1428 2904 saepe

293 2942 437 3002 laceroho
454 2944 540 3017 fame
556 2941 697 3019 Clausum
714 2948 743 3001 et
751 2943 896 3018 satipans
911 2950 1000 3003 artus
1015 2949 1093 3003 torto
1109 2943 1298 3013 distraham
1322 2936 1426 3001 Plaut.
1540 3014 1543 3020 .

293 3047 379 3111 Trin.
405 3052 466 3113 833
555 3070 625 3112 nam
646 3069 763 3128 apsque
780 3056 868 3129 foret
890 3061 928 3126 te,
956 3061 1005 3114 sat
1030 3055 1094 3114 seio
1118 3054 1150 3113 in
1173 3055 1234 3113 atto
1256 3053 1427 3113 distraxis-

292 3168 362 3223 sent
384 3163 492 3237 disque
514 3162 654 3223 tulissent
675 3164 821 3224 satellites
844 3166 889 3224 tui
910 3166 1053 3225 miserum
1069 3167 1182 3240 foede,·
1210 3165 1291 3224 617:
1328 3165 1352 3223 θ
1374 3180 1428 3223 ere

298 3273 486 3346 Charmides,
511 3289 598 3348 quom
613 3274 734 3348 apsenti
755 3275 806 3335 hie
823 3282 877 3335 tua
888 3292 940 3335 res
954 3276 1139 3335 distrahitur
1152 3275 1221 3347 tihi;
1242 3270 1314 3338 Ter.
1331 3270 1426 3334 Phor.

294 3386 372 3447 518:
399 3384 471 3445 Tum
481 3390 652 3459 praeterea
663 3386 782 3445 horunc
797 3402 930 3446 amorem
946 3387 1078 3447 distrahi
1088 3387 1214 3460 poterin
1231 3388 1323 3461 pati?
1345 3382 1427 3446 Dein

294 3491 428 3557 verbum
451 3492 483 3555 in
507 3491 570 3555 vim
593 3490 766 3557 verborum
787 3492 1001 3576 disiungeudi‚
1024 3493 1198 3577 separandi
1221 3494 1340 3557 transit
1354 3493 1426 3557 Ter.

293 3604 371 3668 Hee.
385 3608 465 3669 492:
494 3609 744 3683 Qnmudoquidem
757 3609 839 3668 illum
855 3627 875 3668 a
893 3626 940 3669 me
963 3610 1110 3670 distrahit
1131 3610 1310 3682 necessitas;
1331 3604 1427 3668 Phor.

294 3720 373 3781 201:
410 3720 498 3793 Quod
518 3720 546 3779 si
570 3736 605 3778 eo
627 3736 712 3780 meae
737 3723 888 3796 fortunae
909 3723 1050 3793 redeunt,
1081 3721 1231 3780 Phanium
1254 3720 1315 3780 Abs
1338 3727 1367 3780 te
1394 3727 1429 3779 ut

294 3831 463 3902 distrahar,
493 3832 613 3891 nullast
641 3830 715 3890 mihi
742 3832 804 3891 uita
831 3835 1015 3907 expetenda.
1060 3827 1207 3910 Denique
1229 3826 1363 3891 verbum
1385 3826 1426 3890 ud

294 3938 436 4001 animum
458 3936 672 4002 transfertur:
695 3939 811 4003 etenim
838 3943 971 4003 distrahi
988 3939 1115 4003 unimus
1130 3937 1258 4016 dieitur,
1281 3936 1332 4002 vel
1354 3959 1426 4002 eum

293 4049 326 4113 in
364 4069 461 4131 quem
490 4054 617 4132 partem
649 4049 821 4127 decernat,
858 4071 921 4113 non
953 4049 1052 4129 videt,
1094 4049 1144 4114 vel
1182 4071 1255 4114 eum
1291 4048 1427 4114 diversis

294 4158 409 4225 studiis
446 4159 628 4225 distinetur.
668 4159 773 4226 Pleut.
804 4161 902 4227 Mere.
938 4166 1017 4226 470:
1056 4166 1221 4225 Pentheum
1259 4165 1427 4239 diripuisse

293 4277 381 4336 aiunt
410 4276 568 4337 Bacchas:
599 4292 699 4352 nupas
730 4293 890 4337 maxumas
920 4276 1029 4335 Fuisse
1059 4278 1163 4347 eredo,
1190 4292 1274 4350 prae
1303 4281 1337 4335 ut
1368 4291 1426 4350 quo
