3317 4950
717 474 760 486 ..
804 432 845 503 29
890 475 933 485 -

256 609 421 688 traditum,
437 609 495 672 sed
507 629 567 691 per
580 609 800 672 coniecturam
811 609 844 671 in
856 612 1041 672 contextum
1051 614 1237 691 receptum,
1254 607 1392 690 deniqne

257 720 393 786 affectus
413 721 555 802 qnidam,
579 740 675 803 quem
697 721 806 784 omnia
830 721 988 784 eiusmodi
1009 720 1119 799 verba,
1149 725 1187 785 ut
1207 719 1393 798 memoravi,

255 831 408 915 iudicant,
434 831 557 896 frustra
575 832 751 914 quaeritur.
797 831 857 896 His
880 853 920 896 ex
943 817 1197 896 causisverbum
1214 837 1393 895 discuoeodi

255 943 388 1008 reiciam
401 947 501 1025 atque
522 942 699 1027 repudiem.
744 942 875 1007 Conicio
891 943 938 1008 sio
957 964 1028 1007 esse
1051 942 1274 1008 scribendum:
1298 954 1328 1006 et
1349 949 1392 1007 sis

256 1075 366 1119 caveus
393 1061 480 1120 mulo.
530 1055 621 1120 Haec
652 1054 813 1119 scribendi
841 1055 926 1118 ratio
955 1054 1118 1119 codioeB
1149 1055 1283 1138 probari
1312 1054 1392 1118 mihi

255 1165 399 1230 videtur:
430 1176 460 1229 et
487 1171 530 1230 sis
556 1166 708 1230 facillime
738 1171 846 1230 ortum
870 1186 941 1230 esse
964 1170 1074 1250 potest
1097 1187 1137 1230 ex
1159 1171 1233 1230 edis.
1278 1187 1392 1231 sensus

255 1282 320 1342 est:
350 1278 415 1343 noli
441 1278 521 1342 mihi
543 1278 690 1361 argutari
714 1282 748 1342 et
770 1297 848 1342 cave
871 1278 898 1341 si
921 1277 1030 1360 placet
1052 1277 1148 1342 malo.
1193 1282 1237 1340 a's
1258 1277 1290 1342 h.
1314 1299 1341 1342 e.
1364 1278 1392 1342 si

255 1390 303 1454 vis
330 1390 517 1474 saepissime
546 1411 618 1454 cum
645 1388 745 1454 verbo
774 1387 909 1452 cavendi
939 1388 1146 1453 coniunctum
1173 1409 1244 1454 esse
1275 1389 1393 1454 docent

254 1500 358 1565 Plaut.
382 1501 497 1586 Amph.
521 1506 601 1566 845:
632 1505 837 1579 Amphitrao's
861 1507 1023 1579 profecto:
1056 1521 1130 1566 cooe
1159 1505 1202 1564 sis
1233 1522 1272 1565 oe
1301 1511 1334 1564 ta
1362 1510 1392 1564 te

253 1633 312 1675 usu
329 1619 480 1692 perdat&
510 1613 581 1676 Ter.
604 1612 684 1676 Enn.
710 1617 786 1677 799:
815 1615 893 1675 Cooe
911 1617 975 1674 sis:
1005 1617 1106 1675 uecors
1128 1617 1179 1676 cai
1200 1619 1279 1676 mole
1300 1618 1392 1676 dicas

255 1744 337 1787 nunc
352 1729 427 1788 ciro.
468 1745 528 1788 oon
546 1734 578 1787 tu
600 1728 672 1787 tino
694 1727 780 1788 obis?
801 1727 835 1787 et
857 1723 1010 1805 permulti
1036 1722 1092 1786 alii
1114 1721 1185 1787 loci.
1229 1729 1282 1800 sio,
1306 1707 1402 1806 qnod⁸

253 1815 445 1918 plerumque
474 1836 626 1918 postponi
658 1835 748 1913 solet,
782 1834 947 1898 interdum
980 1834 1078 1898 etiem
1108 1835 1208 1900 verbo
1238 1835 1394 1918 praeponi

253 1946 470 2030 intellegimus
493 1968 533 2011 ex
549 1945 655 2010 Plaut.
673 1945 786 2030 Amph.
816 1951 896 2010 286:
917 1951 1005 2009 modo
1027 1951 1071 2009 sis
1093 1951 1163 2010 veui
1181 1951 1250 2021 Aac,
1274 1951 1306 2010 et
1322 1946 1393 2010 Aul.

253 2061 311 2121 46:
334 2063 472 2122 illaesis
495 2063 573 2123 uide.

344 2168 547 2234 Accedamus
564 2168 606 2232 ad
622 2167 769 2232 ultimam
783 2168 1053 2250 significationem
1070 2169 1329 2252 praepositionis
1352 2170 1395 2233 ad

254 2281 325 2344 vim
346 2261 539 2344 minuendi
562 2280 612 2344 vel
633 2279 814 2363 negandi,
836 2300 934 2362 quam
952 2299 992 2343 ex
1008 2279 1164 2362 exemplis
1185 2281 1307 2363 optime
1319 2302 1393 2364 per·

254 2391 416 2474 spicimns
440 2430 480 2438 -
504 2396 650 2472 difficilia
689 2391 769 2456 satis
792 2397 842 2455 est
861 2373 982 2470 notum,
1012 2412 1078 2473 qua
1099 2391 1227 2455 ratione
1251 2392 1393 2457 vocabu·

254 2502 320 2568 lum
351 2505 394 2568 sit
418 2505 647 2587 compositum,
680 2503 851 2587 qualisque
878 2504 921 2567 sit
949 2503 997 2567 vis
1025 2504 1194 2567 adiectivo.
1238 2504 1391 2587 Propter·

253 2636 291 2679 ea
313 2620 440 2681 tantum
469 2615 567 2695 locos,
599 2615 717 2699 quibus
740 2613 935 2680 vocabulum
960 2620 1078 2693 exstat,
1108 2614 1252 2679 breviter
1274 2614 1393 2680 afferre

258 2731 412 2809 praestat.
458 2725 609 2809 Legimus
622 2725 874 2807 difficilisPlaut.
891 2726 978 2791 Trin.
996 2730 1074 2806 6463
1098 2725 1169 2790 Ter.
1183 2726 1299 2791 Heaut.
1316 2733 1392 2808 8053

253 2839 338 2902 Com.
363 2839 453 2902 Rom.
477 2837 605 2920 Fragm.
628 2837 738 2902 Afran.
768 2842 848 2917 2523
880 2837 973 2902 Publ.
997 2838 1065 2921 Syr.
1088 2836 1176 2901 Sent.
1199 2842 1279 2917 2033
1311 2844 1392 2918 diffi-

254 2955 310 3013 cile
332 2950 384 3013 vel
406 2954 561 3029 difficilest
575 2949 680 3014 Plaut.
696 2948 783 3012 Triu.
808 2953 891 3029 6203
912 2948 984 3013 Ter.
999 2947 1097 3012 Andr.
1120 2952 1193 3027 211,
1217 2954 1289 3028 381,
1311 2949 1392 3013 Eun.

254 3065 325 3140 209,
358 3065 449 3139 1056,
477 3060 594 3125 Heaut.
625 3066 702 3141 6753
735 3060 821 3125 Com.
853 3060 944 3126 Rom.
975 3059 1103 3143 Fragm.
1132 3059 1213 3124 Pall.
1244 3061 1305 3124 inc.
1334 3066 1392 3141 383

253 3172 344 3237 Publ.
367 3172 436 3257 Syr.
460 3171 547 3237 Sent.
575 3176 645 3251 145,
667 3178 746 3253 4153
778 3160 936 3251 difficilem
956 3171 1028 3236 Ter.
1051 3171 1169 3235 Heaut.
1191 3176 1270 3252 5353
1300 3170 1392 3237 Publ.

254 3282 323 3365 Syr.
347 3282 434 3347 Sent.
460 3287 537 3364 1333
571 3288 693 3363 difficili
713 3282 806 3347 Publ.
830 3283 899 3367 Syr.
924 3283 1011 3347 Seut.
1040 3287 1118 3363 6303
1150 3287 1293 3363 difficiles
1315 3284 1392 3347 huc.

255 3394 322 3459 Sat.
345 3394 414 3473 VH,
438 3399 495 3475 313
516 3394 607 3459 Publ.
631 3395 700 3479 Syr.
725 3394 811 3459 Sent.
832 3399 912 3474 4463
938 3399 1080 3475 difficilia
1102 3394 1194 3459 Publ.
1218 3395 1287 3479 Syr.
1305 3394 1393 3458 Seut.

257 3511 334 3586 188,
358 3510 516 3586 difficilius
536 3505 647 3570 Caton.
671 3505 700 3569 d.
723 3527 748 3569 r.
770 3527 795 3569 r.
811 3504 947 3585 cxxl13
971 3509 1191 3586 difficillimum,
1213 3505 1305 3570 Publ.
1322 3506 1391 3589 Syr.

248 3618 346 3681 Sent.
371 3618 452 3700 App.
487 3622 555 3683 192.
581 3654 620 3663 -
644 3622 821 3696 difficulter.
859 3615 964 3680 Plaut.
987 3615 1080 3699 Epid.
1110 3622 1189 3696 2873
1219 3616 1290 3680 Ter.
1314 3616 1392 3681 Hec.

255 3733 325 3793 666.
349 3764 393 3777 -
417 3728 702 3808 diffidere;'verbo
726 3727 924 3791 contrariam
945 3727 1010 3791 vim
1032 3748 1071 3791 ae
1091 3727 1200 3792 verbis
1218 3732 1338 3804 fidendi
1360 3733 1393 3792 et

254 3844 428 3917 confidendi
449 3839 563 3917 inesse,
586 3839 637 3904 his
660 3860 701 3903 ex
720 3837 800 3903 locis
821 3838 1056 3921 intellegimus:
1085 3838 1190 3903 Plaut.
1205 3839 1288 3902 Rnd.
1307 3838 1392 3903 Prol.

254 3956 314 4016 82:
351 3954 453 4015 Volete
481 3959 516 4013 ut
544 3955 645 4015 hostes
675 3955 770 4015 vostri
803 3954 950 4029 diffidunt
976 3954 1052 4026 sibi;
1081 3950 1173 4033 Epid.
1199 3955 1279 4015 112:
1311 3954 1396 4015 Nihil

255 4067 329 4142 opit,
361 4067 413 4141 qui
436 4066 625 4141 diffidentem
651 4066 752 4125 verbis
775 4067 893 4125 solatur
916 4066 999 4137 suis;
1029 4060 1127 4125 Mero.
1150 4067 1233 4126 856:
1262 4066 1338 4125 Nom
1361 4072 1393 4125 ta

256 4178 387 4251 quemvis
409 4179 607 4250 confidentem
630 4178 729 4252 focile
755 4178 815 4236 tais
837 4177 935 4251 foetis
959 4178 1063 4252 facies
1086 4178 1224 4236 Eandem
1254 4193 1294 4235 ea·
1322 4192 1391 4235 ooo-

251 4291 367 4361 fideote
389 4295 522 4347 actutum
546 4289 734 4363 diffidentem
757 4290 877 4347 denuo:
899 4285 1010 4347 Caton.
1034 4284 1064 4347 d.
1084 4305 1109 4347 r.
1132 4305 1156 4346 r.
1185 4287 1305 4358 CLVII,
1332 4288 1391 4348 13:
