3317 4950
740 398 931 456 -7-

266 565 362 631 huius
381 564 542 631 ¹vocabuli
571 565 758 632 notissimus
788 563 1024 630 commendare.
1072 564 1118 629 Gt
1147 565 1210 630 Cio.
1229 564 1286 630 ⁴de
1306 565 1403 630 Orat.

266 678 291 756 1,
314 682 364 742 21.
530 687 533 690 ⁴

352 791 369 875 5
394 795 422 854 2.
467 793 523 853 Dis
544 789 595 854 vel
618 793 651 854 di
671 787 874 873 praepositio
894 788 1061 872 propriam
1082 787 1184 854 habet
1205 789 1280 869 vim,
1311 791 1403 854 utin

267 900 415 966 omnibus
435 899 553 981 verbis,
576 899 769 984 quibuscum
782 886 835 964 'sie
854 898 1037 980 ooniunota,
1059 901 1299 985 separationem
1320 901 1403 966 indi-

266 1017 333 1078 eet:
363 1011 534 1096 signifieat,
562 1033 660 1078 unam
689 1032 758 1077 rem
779 1012 814 1076 in
838 1010 983 1076 diversas
1010 1015 1125 1095 partes
1152 1011 1262 1092 dividi,
1280 1018 1403 1095 ,partes
1432 1071 1437 1074 .

264 1125 329 1189 huo
351 1128 384 1189 et
403 1123 482 1190 illue
503 1123 590 1209 poni,
616 1123 712 1209 plura
733 1122 805 1188 fieri
827 1143 869 1188 ex
889 1143 963 1187 uno.
1007 1121 1117 1188 Primo
1139 1127 1246 1189 motus
1268 1123 1403 1206 quidam

265 1235 386 1318 ubique
409 1240 460 1301 est
481 1234 683 1319 cogitandus,
712 1233 910 1318 utexempli
932 1233 1041 1316 gratia
1072 1255 1113 1300 ex
1133 1234 1242 1301 verbis
1263 1240 1401 1313 didendi,

173 1378 174 1381 ¹
266 1352 470 1424 distrahendi,
494 1351 664 1426 diripiendi
675 1345 830 1411 videmus.
874 1345 926 1411 Ab
945 1344 1004 1411 illa
1018 1347 1052 1410 vi
1065 1346 1100 1410 in
1123 1345 1268 1412 diversas
1290 1351 1402 1430 partos

265 1458 429 1524 dividendi
446 1457 642 1532 divisionem
661 1457 696 1521 in
725 1477 825 1522 unam
852 1460 982 1522 tantum
1009 1461 1139 1541 partem
1167 1477 1239 1523 esse
1269 1457 1402 1523 duotam

264 1592 323 1636 nos
334 1570 452 1636 dooent
463 1569 602 1654 exempli
620 1568 729 1653 gratia
739 1567 841 1633 verba
856 1573 1046 1646 discedendi,
1063 1573 1272 1650 diprediendi
1294 1574 1401 1634 distin-

263 1688 389 1762 piendi.
434 1681 572 1762 Omissa,
600 1685 641 1746 ut
663 1679 771 1746 obiter
794 1680 936 1749 intuenti
957 1680 1116 1760 videatur,
1137 1685 1245 1747 motus
1266 1681 1401 1746 notione

265 1800 313 1861 dis
350 1792 549 1879 praepositio
589 1794 750 1858 rationem
789 1793 954 1877 quandam
985 1792 1126 1876 augendi
1162 1791 1288 1858 adfert:
1323 1792 1345 1857 i.
1374 1813 1401 1858 o.

263 1905 372 1972 verbis
400 1905 594 1989 quibuscum
624 1906 841 1990 coniungitur,
862 1905 928 1971 vim
956 1903 1058 1985 addit,
1090 1925 1175 1988 quae
1205 1906 1401 1972 sententiam

264 2022 384 2102 augeat
405 2022 505 2101 atque
528 2015 678 2083 cumulet.
723 2017 788 2084 Sed
808 2017 909 2084 talem
926 2018 991 2083 vim
1012 2017 1048 2082 in
1067 2018 1110 2084 iis
1130 2022 1258 2084 tantum
1281 2018 1399 2099 verbis,

264 2151 348 2214 quae
371 2127 524 2194 affectum
547 2127 709 2212 quondam
730 2128 885 2210 indicant,
913 2130 1102 2210 invenimus,
1133 2130 1190 2214 qui
1213 2150 1273 2214 per
1294 2136 1401 2196 totum

264 2263 382 2326 eorpus
404 2239 541 2307 diffusus
563 2240 726 2307 homiuem
748 2242 842 2325 quasi
860 2240 1015 2308 dissolvit
1059 2241 1219 2326 Exempla
1239 2247 1316 2307 eunt
1337 2248 1399 2308 dis-

263 2358 417 2430 credere,
441 2357 593 2432 dispudet,
618 2357 778 2419 distaedet.
822 2354 971 2437 Denique
991 2353 1057 2418 vim
1075 2353 1240 2438 quandam
1259 2353 1402 2437 negandi

262 2464 314 2531 vel
342 2463 508 2531 minuendi
533 2463 642 2532 habet.
687 2464 900 2550 Perspicuum
928 2471 987 2547 est,
1019 2465 1106 2531 hane
1125 2466 1191 2531 vim
1216 2486 1237 2531 a
1266 2467 1398 2533 notione

263 2576 437 2662 separandi
459 2597 529 2642 esse
552 2576 746 2643 ducendam:
770 2577 859 2661 quod
872 2578 968 2645 abest
983 2600 1005 2644 a
1020 2584 1123 2660 facili,
1144 2577 1180 2643 id
1193 2582 1244 2644 est
1257 2582 1401 2659 diffieile;

262 2689 310 2753 ita
331 2688 379 2754 vis
402 2688 563 2772 quaedam
585 2688 726 2773 negandi
751 2690 907 2756 nascitur.
930 2728 970 2739 -
991 2690 1134 2757 Haecin
1154 2690 1341 2756 universum
1358 2690 1399 2755 de

261 2799 512 2885 praepositionis
535 2805 583 2865 dis
604 2800 839 2885 significatione
855 2801 943 2867 volui
963 2822 1186 2887 praemonere,
1208 2822 1308 2885 quam
1329 2822 1399 2867 rem

263 2912 296 2977 in
319 2904 500 2977 traetaudis
522 2911 658 2995 singulis
679 2912 787 2979 verbis
809 2913 995 2979 aeouratius
1016 2912 1181 2998 explicaro
1203 2913 1355 2979 eonabor.

346 3024 478 3089 Initium
500 3022 560 3088 fiat
581 3042 602 3087 a
623 3021 730 3088 verbis
758 3023 877 3107 quibus
905 3028 1034 3090 tantum
1061 3045 1127 3090 non
1154 3045 1283 3110 semper
1313 3026 1399 3091 inest

261 3136 309 3201 vis
331 3136 365 3200 in
386 3134 530 3201 diversas
552 3139 666 3219 partes
687 3134 861 3201 dividendi.
896 3141 1046 3202 dibuiere.
1071 3135 1189 3201 GaeeiL
1210 3141 1293 3203 249:
1320 3142 1398 3203 Ton-

262 3258 323 3311 tum
345 3268 410 3311 rem
433 3251 583 3323 ditmare,
604 3255 639 3311 ed
656 3268 718 3326 pro
737 3252 800 3313 aiio
822 3252 975 3328 Mtuerit.
1019 3248 1158 3332 Propria
1176 3248 1225 3314 vis
1247 3249 1310 3313 hoe
1325 3248 1398 3314 loeo

262 3360 382 3443 optime
405 3356 526 3439 elucet3
548 3357 684 3424 verbum
704 3358 792 3424 idem
815 3359 985 3443 signifieat,
1006 3379 1046 3425 ao
1069 3364 1231 3425 secretum
1246 3359 1398 3439 balando,

261 3472 281 3535 i.
305 3491 330 3535 e.
354 3469 527 3554 garriendo
549 3468 680 3536 differre
703 3476 737 3535 et
757 3470 935 3555 diunlgare.
957 3508 1000 3521 -
1021 3476 1139 3537 Didere
1170 3475 1220 3537 est
1241 3476 1302 3536 tue
1325 3476 1399 3537 iiiuc

262 3589 349 3647 dore.
394 3582 466 3660 Qua
488 3602 528 3647 ex
550 3582 788 3665 significatione
817 3588 934 3666 postea
962 3582 1076 3648 similis
1096 3582 1202 3648 oritur
1222 3582 1281 3662 vis,
1312 3601 1397 3666 quae

261 3694 346 3759 inest
373 3692 481 3759 verbis
515 3698 696 3774 sperpendi,
730 3697 955 3760 distribuendi:
991 3694 1109 3759 Gaeeii
1138 3698 1218 3760 239:
1251 3699 1324 3759 dide
1359 3716 1398 3759 ue

263 3810 384 3870 dissice.
438 3808 498 3869 Per
517 3825 564 3870 me
587 3808 696 3871 iicebit.
721 3842 763 3854 —
785 3805 898 3871 Oetou
921 3805 1050 3889 Fragm.
1074 3806 1164 3872 Orat.
1187 3805 1256 3871 Rel.
1276 3806 1317 3885 11,
1348 3811 1397 3871 17:

261 3936 423 3996 numquam
445 3936 501 3996 epo
534 3926 695 3997 arpentum
716 3938 780 3996 pro
810 3922 880 3981 eino
906 3922 1067 3998 condieris
1092 3922 1174 3982 inter
1200 3922 1397 3998 appositores

261 4018 352 4108 etque
373 4032 486 4093 amieos
508 4048 589 4093 meos
613 4033 747 4105 disdidi;
775 4027 881 4094 Plaut.
903 4028 1002 4094 Mero.
1022 4028 1108 4093 Prol.
1137 4034 1195 4095 58:
1228 4034 1347 4094 Amoris
1366 4035 1397 4093 vi

262 4144 460 4221 diffunditari
489 4160 527 4205 de
557 4143 660 4205 didier
687 4140 776 4223 (tum
798 4139 995 4222 Gronovio)3
1029 4138 1135 4205 Plaut.
1157 4139 1225 4204 Mil.
1257 4139 1298 4223 gl.
1331 4145 1392 4205 707

260 4249 433 4316 Mauritius
461 4249 574 4335 Haupt
600 4256 689 4317 reete
718 4251 892 4317 lectionem
923 4256 1027 4317 didam
1056 4251 1228 4316 restituere
1258 4251 1334 4315 vult
1366 4251 1394 4314 Α
