3317 4950
725 391 913 448 .-.6,

250 556 357 620 forma
388 557 439 622 his
464 557 497 619 in
520 545 627 620 verbis
658 563 778 620 exstat:
809 563 968 634 diducere,
998 563 1164 633 diductius,
1198 563 1390 637 dionoscere

251 673 385 747 dioredi,
399 673 504 744 dilabi,
519 673 706 747 dilapidare,
720 673 863 745 dilatare,
879 674 1020 744 dilidere,
1034 673 1175 748 diliuere,
1188 673 1330 747 diliqeus,
1345 674 1390 731 iu·

252 783 394 858 diliqms,
405 783 580 858 diliueuter,
594 784 765 858 diliqeutiu,
782 785 942 857 dilibuere,
957 780 1101 855 dilucide,
1118 785 1293 854 diluculum,
1313 785 1391 845 dilu-

252 890 713 973 dere(‘l),diluere,dimidiutus,
723 895 877 967 dimidius,
888 897 1025 968 dimidio,
1035 897 1201 968 dimidium,
1211 897 1391 976 diminuere,

254 1004 415 1078 dimittere,
440 1006 638 1068 dinumerare
654 1007 713 1084 (?),
731 1007 880 1082 diripere,
902 1008 1040 1078 diruere,
1058 1007 1247 1067 diversorius
1261 1011 1323 1080 (?),
1347 1008 1392 1067 di·

251 1132 369 1189 uersus,
407 1119 618 1180 diverticulum
639 1121 701 1193 (?),
738 1119 893 1179 divertere
913 1121 975 1193 (?),
1011 1119 1169 1190 dicecere,
1205 1119 1392 1210 divaricare,

252 1229 378 1302 dividia,
400 1231 550 1303 diuidere,
581 1231 723 1304 diridius,
747 1231 900 1303 dividuus,
932 1231 1102 1292 diuortium.
1125 1227 1163 1291 ‘I
1184 1227 1256 1293 loco
1280 1247 1393 1292 oonso-

252 1337 361 1404 nantis
383 1341 539 1420 sequente
561 1338 614 1402 lex
637 1338 710 1402 dari
731 1359 796 1404 non
817 1343 943 1423 potest:
969 1343 1149 1418 disiumuere
1170 1343 1203 1403 et
1219 1344 1392 1418 diiunqere,

253 1454 445 1514 disiudicore
470 1454 503 1516 et
525 1455 702 1516 diiudicare
714 1450 868 1534 legimus.
913 1449 1069 1514 Similiter
1093 1450 1253 1516 fluctuant
1285 1456 1394 1516 didere

251 1567 419 1653 (disdidi),
443 1567 595 1626 dimovere
613 1567 791 1640 (dismotu),
815 1567 993 1642 dirumpere
1014 1567 1238 1641 (disrumpere,
1261 1568 1393 1627 dirrum-

247 1682 356 1752 pere).
403 1672 567 1758 Syllabsm
593 1677 643 1737 dis
665 1694 794 1758 semper
816 1673 947 1738 brevem
965 1693 1035 1738 esse
1051 1677 1195 1752 constst;
1217 1673 1295 1738 item
1318 1695 1393 1738 oon-

254 1789 320 1848 stet
343 1790 376 1850 di
392 1805 520 1868 semper
530 1785 662 1867 longam
675 1805 760 1866 esse;
785 1791 931 1862 disertus,
954 1791 1063 1850 dirimo
1079 1784 1272 1850 confirmare
1288 1785 1393 1868 legem
1419 1872 1423 1881 1
1485 1771 1487 1774 ’

254 1896 351 1961 iaoile
374 1895 556 1980 apparebit.
1016 1883 1020 1897 ’

338 2007 387 2072 De
407 2007 569 2072 nonnullis
583 2007 750 2073 vocabulis
774 2006 918 2073 dubitari
933 2013 1051 2091 potest,
1072 2013 1111 2073 ut
1131 2009 1172 2073 de
1194 2009 1250 2073 illo
1274 2015 1393 2074 dierec-

254 2131 302 2183 tus
316 2118 589 2203 quemadmodum
598 2119 688 2202 origo
699 2119 951 2204 sitexpliconda.
974 2119 1091 2185 Festus
1099 2119 1205 2185 Pauli:
1216 2126 1394 2198 dierectum,

253 2231 367 2314 inquit,
407 2234 550 2296 dicebaut
577 2252 640 2311 per
671 2236 879 2310 uutipbrusiu,
915 2239 1048 2296 uoleutes
1074 2236 1253 2312 siquificore
1282 2239 1394 2297 mulum

255 2348 343 2418 diem
366 2347 455 2420 quusi
473 2347 548 2407 situ
566 2348 632 2408 dies
648 2355 677 2408 et
697 2352 801 2408 rectus
816 2343 861 2426 (p.
874 2343 939 2426 69),
962 2341 1002 2407 de
1025 2364 1089 2425 quo
1105 2363 1170 2408 non
1185 2343 1292 2408 habeo
1307 2343 1395 2426 quod

254 2453 394 2538 amplius
414 2473 519 2538 egem.
564 2454 704 2521 Neuius:
732 2460 872 2532 dierecti,
894 2454 1010 2538 inquit,
1033 2459 1109 2520 dicti
1128 2460 1280 2534 crucifici,
1304 2460 1394 2535 quusi

255 2573 298 2632 od
325 2572 404 2632 diem
435 2572 530 2632 erecti
553 2568 596 2651 (p.
619 2568 684 2651 49).
729 2566 908 2633 Salmasius
938 2566 981 2632 ad
1004 2566 1166 2632 Graecum
1195 2566 1394 2653 διαρρηκτὸς

255 2678 409 2761 confugit,
437 2678 493 2742 alii
516 2680 611 2761 quasi
631 2683 687 2745 sul>
713 2684 763 2743 dio
784 2688 904 2744 erectos
927 2699 997 2744 esse
1021 2684 1172 2743 dierectus
1194 2679 1393 2744 statuebant.

254 2790 388 2855 Rostius
410 2811 450 2855 ex
472 2796 574 2871 diriuo
596 2795 630 2856 et
661 2796 748 2870 erico
779 2790 929 2869 ducebat,
960 2790 1053 2872 qussi
1081 2796 1210 2871 dieriuo,
1241 2795 1395 2855 dierectus

255 2901 309 2987 (ci.
333 2902 442 2987 Opuso
458 2901 587 2986 Plane),
610 2901 667 2967 alii
689 2902 755 2967 elia
778 2902 952 2967 commenti
974 2906 1058 2967 sunt.
1102 2903 1176 2985 Ipse
1197 2902 1244 2966 nil
1269 2902 1395 2967 dehac

254 3035 291 3079 re
319 3013 494 3080 adfirmare
523 3012 637 3079 audeo.
682 3013 727 3079 Of.
750 3013 933 3098 Nettleship
955 3014 1067 3079 Journ.
1090 3013 1126 3079 of
1143 3013 1224 3079 Phil.
1251 3018 1342 3093 1882,
1364 3036 1395 3096 p.

259 3131 329 3191 104.
347 3162 387 3173 -
401 3130 589 3190 diminuere.
620 3124 790 3190 Nonnullis
805 3125 1030 3191 locisverbum
1047 3131 1236 3191 diminuendi
1249 3146 1309 3208 per
1331 3125 1395 3189 duo

254 3260 284 3300 m
312 3237 468 3319 scriptum
490 3236 671 3301 invenimus
693 3236 790 3319 (Men.
814 3242 877 3303 304
906 3242 940 3302 et
961 3236 1020 3301 Ad.
1045 3238 1131 3319 571).
1175 3237 1270 3300 Hunc
1293 3236 1395 3319 serip-

256 3354 365 3414 tursm
381 3346 578 3413 reiciendum
598 3368 668 3412 esse
691 3352 770 3431 puto
784 3353 920 3432 propter
934 3348 1194 3414 testimoniorum
1215 3348 1395 3432 penuriam.
1428 3361 1431 3369 ·

257 3465 427 3537 Dimouere,
451 3464 602 3525 dimittere
623 3480 784 3543 nusquam
805 3481 865 3543 per
885 3459 948 3525 duo
968 3481 996 3523 m
1017 3460 1160 3543 soriptne'
1179 3459 1394 3523 inveniuntur.

256 3610 299 3619 -
322 3575 476 3649 Diribere,
497 3576 647 3636 'dirimere
668 3592 709 3635 ex
724 3576 772 3636 dis
790 3576 824 3636 et
837 3576 951 3636 bebere
965 3579 1106 3650 (emere)
1120 3575 1208 3635 nata.
1252 3574 1395 3634 disertus

258 3682 372 3747 eodem
403 3681 500 3747 modo
537 3670 765 3767 explicandum
795 3688 854 3747 est.
906 3682 1020 3766 Neque
1052 3683 1137 3747 enim
1164 3703 1186 3745 a
1214 3686 1395 3746 disserendo

258 3793 341 3858 duco
381 3793 467 3857 hano
497 3786 609 3859 vocem
647 3815 719 3859 oum
751 3793 929 3877 Georgesio
966 3794 1103 3876 aliisque
1137 3797 1172 3858 et
1197 3793 1334 3857 vetustis
1363 3796 1396 3855 et

258 3903 444 3969 recentibus
481 3905 719 3989 grammaticis,
755 3926 868 3971 verum
906 3926 978 3971 cum
1014 3905 1123 3970 Pottio
1139 3905 1181 3986 1),
1217 3903 1344 3985 Buggio
1358 3904 1394 3985 2),

258 4015 427 4101 Meyoro³)
449 4038 470 4081 s
494 4023 541 4082 dis
564 4024 597 4083 et
618 4028 714 4083 artus.
761 4016 807 4083 Of.
832 4038 896 4094 urs,
909 4022 1013 4082 iners.
1040 4016 1148 4104 ¹Idem
1168 4015 1296 4081 videtur
1318 4038 1396 4081 usus

329 4190 353 4257 1)
371 4188 461 4258 Etym.
472 4188 669 4255 Forsohungen
687 4188 708 4255 l,
726 4190 786 4243 732.
823 4189 850 4258 2)
868 4187 1043 4243 Fleckeiseni
1060 4186 1157 4241 Annul.
1175 4202 1200 4241 u.
1220 4188 1287 4241 1872
1306 4203 1334 4256 p.
1352 4188 1395 4241 95.

259 4261 285 4326 3)
302 4258 393 4327 Vergl.
416 4260 534 4313 Granum.
556 4274 584 4326 p.
601 4260 661 4312 673.
1258 4281 1260 4284 ·
