3317 4950
732 445 948 505 ..2ss-

272 633 413 692 crepare,
436 612 564 676 diverso
580 611 675 675 modo
694 633 839 694 crepare,
856 611 1030 675 translate:
1054 633 1118 674 non
1139 610 1321 686 convenire,
1342 609 1407 673 dis·

275 724 420 802 cordare,
444 723 631 787 dissimilem
648 743 727 788 esse.
755 721 832 786 Lao.
851 722 917 787 Sat.
933 722 986 801 vl,
1009 728 1066 787 40:
1089 727 1127 786 nt
1141 720 1228 807 φύγε
1251 727 1410 800 discrepat

272 857 310 900 ac
336 833 397 902 cir
418 837 453 903 δὲ
478 833 659 920 ἐξήρπαξεν
680 830 854 900 Ἀπόλλων.
891 833 956 898 An.
973 839 1030 899 48:
1058 840 1143 910 Quae
1156 854 1408 912 cumcomponas,
1430 831 1435 834 ’

272 951 355 1012 dicta
380 952 477 1027 sactis
508 951 696 1024 discrepant.
728 983 771 994 —
794 950 975 1009 discrimen:
1010 967 1031 1008 a
1061 945 1161 1010 verbo
1192 944 1406 1023 discernendi,

274 1058 363 1141 quod
396 1079 449 1123 res
473 1077 540 1121 una
568 1056 611 1121 ab
642 1056 707 1121 elin
729 1056 933 1121 discernitur.
977 1057 1014 1120 In
1043 1056 1159 1139 glossis
1179 1055 1304 1120 Placidi
1331 1054 1409 1138 legi·

272 1192 361 1234 mas:
382 1173 546 1234 discrimen
569 1174 736 1248 aliqnando
759 1175 891 1232 duarum
905 1190 1011 1232 rerum
1024 1173 1251 1247 separationem
1268 1173 1409 1244 ostendit,

273 1303 353 1361 puae
373 1286 555 1345 coniunctae
577 1301 644 1344 esse
661 1290 794 1358 possunt
892 1279 965 1344 Uno
984 1284 1112 1344 tantum
1135 1279 1207 1344 loco
1229 1278 1292 1343 hoo
1313 1301 1410 1343 vocs·

272 1392 384 1458 bulum
414 1391 530 1457 inveni.
572 1392 648 1456 Luc.
672 1391 739 1456 Sei.
763 1391 880 1470 XXIX,
909 1397 943 1457 8:
975 1402 1004 1456 et
1032 1395 1154 1456 amabat
1182 1412 1294 1455 omnes.
1339 1412 1410 1455 nam

273 1509 437 1569 discrimen
459 1525 519 1568 non
548 1507 630 1583 facit
652 1508 723 1582 quei
751 1509 857 1582 sipnat
885 1507 962 1568 tinia
988 1507 1068 1568 alba.
1113 1502 1209 1566 Hunc
1231 1501 1273 1565 ad
1302 1500 1408 1566 locum

277 1613 401 1681 Nonius
422 1619 508 1698 (282,
533 1616 587 1698 17)
609 1613 762 1678 adnotat:
791 1619 955 1679 discrimen
984 1635 1109 1678 rursum
1125 1619 1283 1693 separatio
1307 1635 1328 1678 a
1350 1619 1410 1678 dis·

272 1733 435 1792 cernendo.
460 1763 501 1776 -·
524 1731 690 1805 disparare
718 1725 805 1789 idem
827 1725 896 1790 iere
919 1725 1014 1804 velet,
1047 1746 1273 1809 pomparum,
1303 1725 1419 1812 seiun-

277 1859 363 1920 gere.
386 1837 491 1902 Pleni.
508 1838 591 1905 Rud.
610 1837 694 1902 Prol
720 1842 775 1902 10:
801 1842 890 1914 (laist
904 1843 1072 1916 imperator
1086 1843 1182 1902 divom
1204 1848 1296 1916 atque
1317 1843 1409 1901 bomi-

274 1971 344 2014 num
367 1955 521 2029 Iuppiter,
544 1955 576 2013 Is
599 1971 654 2013 nos
676 1969 739 2028 per
760 1954 861 2029 pentis
884 1953 977 2013 atium
998 1955 1062 2014 otia
1084 1955 1236 2028 disparat.
1281 1949 1327 2013 Cf.
1349 1955 1410 2015 dis-

269 2083 343 2140 par.
364 2098 406 2108 -
430 2065 631 2142 distinpuere.
677 2059 741 2124 Alii
764 2059 898 2124 verbum
922 2061 1062 2125 derivari
1080 2060 1192 2125 volunt
1215 2082 1236 2124 s
1258 2066 1343 2140 tinpo
1359 2059 1410 2124 vel

273 2173 407 2255 antiquo
428 2178 543 2252 tinpao,
575 2177 612 2236 ui
639 2171 772 2255 proprie
797 2172 1073 2255 stringendos
1099 2171 1274 2237 colorando
1297 2172 1410 2237 discri-

204 2362 206 2365 .
273 2284 406 2364 minare,
427 2283 483 2348 alii
500 2304 520 2347 a
536 2289 637 2364 stinpo
655 2283 741 2367 (stig,
764 2304 863 2366 aquo
879 2285 978 2350 eiiam
994 2283 1156 2367 stimulus)
1169 2304 1285 2366 graece
1301 2287 1410 2364 στίζω,

272 2417 391 2480 pungo,
413 2400 450 2459 ui
471 2395 514 2459 sit
534 2395 666 2479 proprie
692 2394 897 2491 dispungere,
919 2396 950 2460 h.
973 2395 1143 2480 spanniis
1159 2415 1228 2459 rem
1245 2418 1266 2458 n
1287 2417 1324 2460 re
1346 2394 1410 2459 dis-

273 2508 454 2573 criminare.
484 2507 546 2572 hoo
569 2528 647 2571 sane
670 2528 782 2572 verum
805 2512 864 2572 esi.
893 2507 1096 2573 conferenda
1117 2513 1193 2573 suni
1213 2508 1410 2573 verbaVelii

272 2619 459 2702 Longi⁵⁶):'
474 2638 572 2694 noces,
604 2624 635 2681 ia
658 2622 767 2697 quibus
791 2641 812 2683 u
834 2624 938 2683 littera
960 2624 1081 2684 uidetur
1103 2640 1172 2683 sese
1196 2640 1407 2697 supervacua:

273 2741 307 2794 ut
322 2752 388 2794 cum
404 2741 434 2793 et
453 2733 615 2794 scribimus
630 2740 660 2793 et
676 2735 917 2808 pronuntiamus
933 2752 1084 2810 arpuere:
1106 2735 1256 2810 siquidem
1272 2741 1303 2794 et
1313 2752 1411 2812 arpeo

241 2833 243 2837 ⁸
274 2852 305 2906 et
325 2863 407 2922 unpo
429 2847 511 2906 banc
532 2862 592 2905 non
623 2846 802 2907 desiderant
827 2846 970 2918 titteram,
999 2852 1034 2905 ut
1064 2852 1197 2920 apparet
1224 2847 1410 2921 exscriptis

253 2960 477 3033 antiquorum,
513 2973 641 3031 quorum
683 2958 867 3033 elepantiam
902 2963 931 3017 et
967 2959 1180 3018 anctoritatem
1220 2960 1407 3034 sequendam

272 3070 537 3145 supradiximus.
583 3069 721 3128 nonnulii
751 3068 968 3141 intremiscat,
999 3069 1051 3143 qui
1077 3070 1269 3145 distinpuere
1292 3047 1410 3145 duoque

272 3182 339 3241 sinc
369 3198 389 3239 u
420 3181 524 3239 littera
553 3178 691 3239 scribere
722 3185 751 3239 et
784 3180 889 3240 dicere
916 3182 1100 3252 ntatuerunt,
1131 3182 1301 3241 adicientes
1328 3179 1411 3240 ittdm

273 3292 432 3363 rationem,
459 3293 541 3366 quod
560 3290 753 3366 distinpuere
765 3294 811 3349 est
825 3290 1005 3365 interposito
1022 3297 1139 3365 puncto
1165 3293 1303 3377 diuidere
1319 3298 1411 3365 atque

274 3404 431 3464 diducere.
477 3418 616 3462 necnon
639 3402 762 3476 puidam
787 3402 845 3461 boc
873 3402 971 3476 ipsam
1001 3402 1193 3479 distinpuere
1216 3402 1413 3462 arbitrantur

275 3516 387 3575 dictum
411 3508 501 3594 παρὰ
525 3517 572 3599 τῷ
599 3508 694 3589 τέλει,
722 3514 785 3573 sire
807 3515 890 3588 quod
919 3514 1129 3590 distinpuatur
1158 3530 1209 3574 res
1238 3515 1302 3586 itta,
1332 3531 1411 3588 puae

273 3625 432 3698 scribitur,
462 3626 524 3690 siae
547 3628 630 3701 quod
653 3626 753 3702 tinpat
782 3626 817 3687 id
838 3626 921 3700 pund
940 3626 1129 3686 inscribitur.
1174 3631 1274 3685 tamen
1298 3626 1329 3684 in
1351 3627 1411 3685 bac

273 3754 345 3798 acce
367 3738 414 3797 sio
435 3756 456 3797 a
478 3738 612 3797 litteram
639 3737 799 3816 occupavit
821 3738 1020 3809 consuetudo,
1049 3742 1165 3796 utnon
1192 3738 1292 3812 facite
1311 3738 1411 3810 possit

275 3850 373 3909 anelli.
417 3843 514 3927 Apud
541 3844 692 3909 Plautum
722 3849 821 3927 nique
852 3845 1037 3909 Terentium
1059 3843 1193 3908 verbnm
1222 3863 1274 3907 me
1302 3842 1412 3925 legere

274 3976 339 4020 non
361 3956 510 4037 memini;
533 3955 620 4039 apud
642 3955 724 4021 elios
741 3956 867 4038 priscos
882 3956 1058 4039 scriptores
1073 3959 1198 4019 exstet:
1220 3954 1338 4018 Pecus.
1353 3960 1411 4018 61:

274 4071 379 4133 Habeo
402 4088 457 4148 epo
480 4072 579 4145 istam,
602 4072 654 4147 pai
677 4046 864 4145 distinpuam
887 4071 969 4131 inter
983 4088 1035 4131 vos
1053 4070 1310 4147 peminitudinem.
1335 4066 1410 4130 Ace.

344 4289 388 4357 56)
406 4288 477 4355 Keil,
495 4287 528 4341 G.
547 4287 578 4339 L.
598 4286 658 4339 vn.
