3317 4950
685 381 899 442 ..15-

224 555 384 619 discidium
406 553 552 626 evenisse,
583 553 618 614 id
646 557 741 613 testor
772 554 864 625 deos;
893 546 988 612 7822'
1004 551 1148 627 Profecto
1177 551 1209 612 in
1242 551 1302 612 bac
1328 567 1364 611 re
1442 555 1446 560 “

224 667 303 726 nibil
321 665 432 738 maliet,
455 665 538 740 qaod
557 664 598 724 sit
615 664 746 725 discidio
768 665 914 741 dianam·
934 659 1045 725 Attius
1069 665 1148 725 161:
1176 662 1237 723 Car
1258 669 1364 725 cetera

224 783 283 838 tam
324 793 365 837 ex
401 777 463 837 alto
493 776 658 852 appetissis
693 777 837 849 discidia,
874 777 1079 854 Apamennot
1113 775 1191 836 347:
1231 775 1365 836 discidia

225 894 374 950 amantem
404 889 548 950 scindere
572 887 688 949 Tarbat
714 889 845 965 calpnm,
875 888 977 960 evitat,
1007 903 1125 948 moeros
1156 887 1276 959 disicit,·
1304 887 1364 947 dis-

224 1001 308 1062 cidia
338 1006 489 1061 amantem
510 994 730 1061 Buechelerus
759 995 907 1075 coniecit,
935 994 1013 1060 libri
1042 993 1197 1060 exhibent
1227 999 1366 1075 diffidam

226 1118 336 1174 antem.
358 1144 402 1156 -
424 1111 613 1184 discindere,
634 1107 669 1172 in
691 1106 837 1173 diverses
860 1111 972 1191 portes
993 1105 1149 1172 scindere.
1194 1105 1266 1172 Ter.
1283 1105 1364 1171 Eun.

225 1223 304 1286 646:
328 1222 442 1283 Vestem
463 1239 578 1283 omnem
599 1223 732 1284 miserae
755 1223 890 1296 discidit,
913 1229 975 1284 tam
996 1224 1094 1297 irrsam
1116 1221 1228 1297 capillo
1249 1223 1365 1283 consci-

226 1335 292 1409 dit;
306 1329 444 1415 Adelph.
461 1334 539 1396 120:
561 1335 659 1395 Fores
673 1335 817 1411 effrepit:
838 1335 1059 1407 restituentem
1082 1334 1208 1395 discidit
1234 1333 1367 1395 Vestem:

223 1445 426 1518 resarcietar,
454 1452 484 1507 et
572 1447 620 1508 dis
645 1447 781 1522 pretias
802 1447 883 1509 559:
918 1445 1017 1522 Usque
1042 1446 1162 1507 occidit.
1188 1446 1264 1518 bem,
1292 1446 1368 1520 qaid

225 1560 362 1619 narras?
406 1558 462 1618 Em
483 1559 553 1619 aide
582 1563 616 1618 at
645 1558 769 1620 discidii
798 1558 936 1631 latriam·
968 1553 1163 1618 Plautian
1193 1553 1234 1636 gl
1267 1557 1366 1633 1395:

225 1669 332 1730 Facite
351 1670 434 1730 inter
456 1675 572 1730 terrem
594 1674 687 1745 ataae
708 1670 836 1742 anetam,
865 1671 912 1731 ati
940 1671 1017 1731 siet:
1049 1669 1214 1731 discindite
1235 1663 1276 1748 (Β
1299 1671 1383 1729 des.

228 1781 350 1842 tendite
370 1776 507 1843 verbum
535 1775 623 1859 qued
653 1797 783 1843 sensum
813 1797 879 1842 non
909 1775 1056 1862 praebet.
1101 1775 1248 1859 Scaliger
1288 1796 1366 1841 sene

225 1909 254 1954 v.
279 1893 359 1954 1047
379 1888 567 1973 respiciens,
590 1892 765 1968 disperdite
785 1888 838 1955 vel
859 1894 1039 1954 descendite:
1062 1888 1172 1954 nescio
1194 1907 1236 1953 nn
1261 1889 1366 1971 vere);

226 2000 337 2066 Geton
361 1999 391 2065 d.
414 2022 439 2065 r.
462 2021 488 2064 r.
507 1998 574 2079 XL,
596 2004 633 2065 2:
655 2006 764 2065 samito
786 2005 840 2066 tibi
861 2006 1019 2067 sarcnlam
1041 2005 1162 2077 daram,
1185 2020 1252 2065 eam
1268 2020 1364 2079 prce-

174 2112 179 2120 “
226 2116 338 2188 acaito,
367 2116 492 2177 salicem
520 2131 667 2192 praecam
699 2116 884 2188 discindita,·
913 2111 1042 2195 Frngm.
1073 2110 1167 2176 Mem.
1199 2110 1275 2176 dict.
1308 2116 1370 2176 70:

227 2229 304 2289 tales
324 2227 421 2303 iaitar
437 2227 591 2288 amicitiae
611 2232 684 2288 sant
694 2228 873 2288 remissione
892 2245 967 2288 nsns
989 2228 1155 2289 dilaendae
1179 2232 1209 2287 et
1228 2232 1263 2287 at
1281 2225 1366 2287 Coto

225 2355 294 2399 nem
316 2339 421 2399 dicere
442 2339 556 2412 andini,
579 2339 766 2400 dissuendae
781 2339 890 2415 napis,
913 2356 1003 2415 qnam
1018 2339 1250 2401 discindendoe.
1295 2334 1366 2399 Hee

227 2445 300 2513 loco
322 2443 458 2512 verbum
480 2445 639 2513 translate
658 2450 846 2531 usurpetur,
869 2447 1046 2532 opponitur
1066 2445 1167 2513 verbo
1190 2451 1366 2513 dissuendi:

227 2557 291 2624 hoc
313 2562 364 2625 est
384 2558 545 2642 paulatim
566 2558 691 2643 aliquid
712 2558 847 2639 solvere,
876 2558 958 2623 illud
979 2558 1078 2625 alieni
1099 2559 1148 2625 rei
1169 2558 1201 2623 vi
1223 2558 1366 2625 subitum

228 2668 326 2735 finem
350 2668 468 2736 fecere.
493 2707 535 2719 -
559 2675 713 2737 discordis
720 2694 731 2747 ,·
759 2655 915 2755 Pompon.¹
939 2675 1017 2736 164:
1047 2674 1171 2736 Blanda
1188 2676 1295 2751 fallax
1316 2692 1365 2736 sn·

224 2784 338 2859 perta,
371 2785 520 2860 impotens
542 2785 712 2847 Discordis.
757 2780 844 2847 idem
873 2801 913 2847 ec
942 2787 1063 2847 discens
1092 2787 1151 2848 est
1180 2819 1223 2831 -
1251 2787 1367 2848 discor·

229 2895 349 2957 debilis.
371 2891 477 2957 Pleut.
499 2892 590 2975 Gapt.
611 2897 692 2958 402:
801 2898 864 2957 Nos
886 2898 990 2973 sitisse
1019 2898 1144 2974 incenia
1164 2899 1228 2959 naa
1250 2900 1366 2959 discor·

228 3006 332 3069 dabili.
378 3001 522 3068 Similem
546 3004 742 3069 sententiam
764 3004 864 3069 etiam
877 3003 1038 3071 vocabule
1059 3010 1227 3083 discordia,
1250 3011 1366 3071 discor·

229 3117 319 3191 ditos,
342 3118 528 3179 discordare
542 3113 721 3199 praebent:
746 3119 905 3181 discordia
925 3115 1227 3183 Plautrmecnoz
1243 3120 1367 3183 Habebo

228 3227 266 3288 ob
288 3229 350 3301 illo,
375 3230 474 3305 facile
495 3230 617 3291 inaenio
639 3247 697 3306 aaa
719 3232 807 3292 mado
829 3230 1025 3294 discordiam
1045 3238 1075 3293 et
1103 3232 1264 3294 disortium
1285 3234 1367 3293 inter

154 3406 156 3411 ,
229 3355 285 3399 nos
308 3355 440 3414 parem;
469 3336 584 3403 eedem
610 3338 642 3403 vi
672 3342 861 3404 discordiam
887 3338 960 3406 Ter.
988 3339 1067 3406 Hec.
1095 3344 1176 3421 6933
1206 3341 1288 3405 nin
1309 3344 1367 3421 213

229 3450 388 3511 discordia
418 3450 530 3515 Geton.
552 3448 681 3534 Fragnr
704 3448 794 3517 Oret.
816 3449 888 3517 Rcl.
908 3451 962 3532 vl,
990 3456 1029 3532 23
1058 3449 1151 3517 Publ
1180 3449 1250 3535 Syr.
1279 3449 1367 3516 Sent.

230 3561 308 3639 1313
337 3562 514 3624 discordiae
535 3560 645 3626 Attius
668 3566 738 3627 587.
761 3597 804 3609 —
825 3566 1013 3627 discorditas
1041 3581 1107 3628 uno
1127 3561 1200 3627 laco
1221 3581 1283 3646 pre
1303 3561 1368 3627 dis-

229 3668 342 3734 cordis
370 3674 557 3754 usurpetur,
586 3671 705 3739 Pecus.
730 3676 808 3737 178:
847 3678 1059 3753 &commane
1087 3693 1128 3738 es
1157 3678 1368 3739 discmdidate
1456 3667 1460 3673 ’

229 3785 346 3845 cladem
367 3784 526 3860 importem
549 3788 702 3864 familiae.
724 3820 768 3833 -
792 3787 994 3861 discordare·¹
1021 3783 1127 3851 Pleni.
1157 3783 1257 3851 Mero.
1287 3789 1367 3851 231:

229 3894 269 3956 lat
290 3911 330 3955 ne
351 3901 485 3969 noceret,
507 3914 597 3973 qnam
614 3900 693 3960 domi
715 3904 787 3961 ante
809 3900 903 3961 babai
923 3916 1051 3976 capram
1072 3901 1141 3961 Nea
1152 3901 1369 3962 discordarent

229 4006 257 4065 si
280 4005 387 4067 ambae
407 4006 440 4066 in
471 4023 532 4068 ano
554 4016 657 4069 essent
676 4011 760 4083 loco;
788 4006 862 4072 Ter.
882 4006 982 4073 Andr.
1006 4012 1086 4073 stt:
1113 4011 1167 4071 Set
1195 4014 1271 4088 qaid
1299 4014 1368 4073 ais?

231 4117 328 4191 ania?
357 4119 410 4194 qai
434 4119 497 4181 scis
528 4135 580 4181 eos
600 4136 684 4181 nnnc
713 4122 896 4183 discordare
925 4123 1008 4184 inter
1036 4124 1092 4182 se?
1111 4155 1155 4169 -
1178 4122 1368 4184 discoonbere

231 4225 363 4307 proprie
385 4224 426 4290 de
446 4226 653 4295 multitudine
675 4227 741 4293 dici
761 4228 889 4294 tantum
911 4235 1031 4314 petent,¹
1052 4249 1136 4313 quae
1158 4229 1201 4294 nd
1223 4229 1367 4297 diversos
