3317 4950
726 444 940 507 ..27-

221 581 226 593 ¹
265 610 393 674 Didase.
416 609 471 686 III,
497 613 532 672 1:
556 632 626 674 num
642 631 730 688 qutun
745 615 834 674 varia
851 615 1043 689 sintyeaero
1062 620 1279 688 poematorum,
1303 615 1398 674 Baebi

265 743 445 802 quamquam
468 727 558 800 tenve
589 725 734 785 distincta
761 727 824 798 ulia
853 727 892 786 ab
923 726 1004 798 aliis,
1032 728 1085 798 sis,
1116 743 1216 787 nosce.
1271 721 1398 786 duobus
1441 701 1448 712 ⁴

264 833 344 898 Iocis
375 831 508 896 verbum
543 831 679 896 eundem
711 831 778 896 fere
810 854 937 897 sensum
966 833 1111 916 praebet,
1145 855 1241 916 quem
1263 834 1398 899 verbum

264 943 461 1008 secernendi.
484 982 527 992 -
550 949 699 1020 diuersus,
728 944 762 1007 in
789 943 887 1008 aliem
915 947 1042 1027 partem
1065 965 1186 1009 versus.
1230 945 1305 1010 Luc.
1330 946 1397 1010 Sat.

265 1055 333 1134 XV,
358 1061 413 1120 16:
437 1061 519 1120 tuuc
533 1060 626 1120 uitlei
642 1077 770 1133 possum
790 1061 842 1134 qui
858 1061 966 1120 vicerit
980 1066 1072 1135 utque
1095 1061 1211 1121 duobus
1226 1061 1399 1136 Campanus

228 1157 230 1161 ⁸
263 1173 386 1246 sonipes
408 1188 574 1231 succursor
591 1172 686 1230 nultu’
700 1178 847 1246 sequetur
858 1171 979 1232 Maiore
993 1173 1094 1246 spatio
1109 1189 1148 1232 ac
1164 1173 1298 1233 diversu’
1317 1173 1398 1234 vidc-

264 1283 346 1343 bitur
364 1283 416 1342 ire
437 1277 598 1362 (diversus
620 1277 669 1342 ire
692 1278 868 1360 significat:
890 1277 1021 1343 illinon
1043 1299 1151 1343 comes
1176 1279 1254 1363 ire);
1285 1279 1397 1344 Oeten.

265 1389 395 1472 Fragm.
419 1389 509 1454 Orat.
523 1387 591 1453 Rel.
605 1389 641 1468 V,
668 1394 701 1455 l:
722 1394 859 1454 Maiores
881 1412 1019 1454 seorsum
1041 1400 1133 1470 utque
1154 1395 1306 1455 diversum
1323 1413 1398 1470 pre-

264 1507 337 1566 tium
363 1522 522 1580 paravere
552 1505 637 1566 tonis
666 1511 758 1580 atque
786 1507 922 1566 strenuis
953 1507 1181 1578 decurionatus,
1214 1507 1398 1580 optionatus,

263 1619 369 1678 tostos
399 1617 559 1678 donaticas
591 1617 729 1691 aliosque
758 1619 899 1679 tonores.
944 1615 982 1678 In
1010 1613 1155 1678 diversas
1182 1618 1303 1696 partes,
1335 1613 1399 1678 huc

262 1725 339 1789 illue
361 1745 473 1788 versus
494 1723 688 1788 vocabulum
719 1730 769 1788 est
793 1725 898 1789 Plani.
924 1725 1022 1792 Mero.
1046 1729 1125 1790 471:
1156 1730 1266 1789 Fuisse
1294 1731 1398 1800 aedo,

258 1846 397 1915 praeut
425 1857 483 1916 quo
503 1846 599 1914 pacto
629 1857 686 1916 eoo
718 1841 859 1900 divorsus
886 1842 1053 1902 distrahor.
1097 1836 1211 1901 eadem
1230 1835 1263 1900 vi
1292 1841 1400 1900 exstat

264 1955 416 2012 divorsum
444 1946 548 2011 Plani.
579 1945 645 2011 Mil.
677 1946 717 2030 gl.
751 1952 852 2028 10473
890 1953 1005 2013 divorsi
1033 1946 1115 2012 Rud.
1142 1953 1244 2028 12523
1278 1953 1399 2013 divorse

264 2058 350 2123 Trin.
369 2064 450 2140 4093
473 2063 615 2123 divorsae
638 2058 731 2123 Trun.
755 2065 829 2140 7873
853 2059 924 2123 Ter.
948 2059 1047 2124 Andr.
1064 2065 1145 2139 2603
1167 2065 1282 2124 divorsi
1303 2058 1398 2141 Trag.

264 2170 354 2238 Rom.
374 2169 501 2252 Fregm.
521 2169 638 2233 Pacuv.
663 2174 787 2234 224.-
800 2175 970 2236 divortium.
1008 2170 1141 2254 proprie
1163 2170 1303 2234 divortia
1324 2175 1399 2235 sunt

263 2281 366 2346 flexus
376 2282 511 2360 viarum,
524 2281 586 2345 hoe
598 2285 656 2360 est,
667 2280 723 2345 ubi
737 2281 834 2346 visin
846 2281 944 2346 aliam
956 2286 1084 2365 partem
1095 2281 1254 2362 tenditnr3
1266 2283 1308 2364 57)
1324 2281 1399 2346 dein

264 2397 314 2456 est
335 2392 434 2471 loeus,
463 2392 520 2457 ubi
548 2413 635 2477 aqua
656 2392 689 2456 in
712 2391 811 2457 oliam
840 2399 967 2477 partem
992 2391 1126 2474 diffluit3
1155 2393 1211 2457 sic.
1234 2392 1309 2456 Luc.
1332 2394 1398 2458 Set.

264 2504 343 2583 VIII,
369 2510 424 2570 18:
447 2499 550 2569 verum
569 2512 682 2585 stamen
705 2510 749 2569 uti
772 2526 870 2584 acque
886 2510 953 2585 ipso
971 2510 1101 2570 divortio
1118 2526 1219 2584 oquae
1240 2515 1311 2568 sunt
1330 2509 1398 2584 itio-

263 2621 329 2680 neis
346 2620 480 2695 peditus
502 2637 662 2696 corcyram
687 2624 827 2696 conferet
850 2622 966 2696 aequis.
1012 2616 1087 2681 dein
1109 2615 1303 2680 vocabulum
1328 2637 1400 2680 sne-

263 2728 394 2810 pissime
415 2725 574 2791 translate
599 2732 777 2810 usurpatur
800 2727 840 2792 de
867 2734 1065 2804 discessione,
1092 2727 1239 2810 inprimis
1269 2726 1309 2791 de
1334 2727 1399 2791 dis-

264 2838 408 2902 cessione
432 2838 603 2919 coniugnm
627 2842 660 2901 et
681 2836 892 2903 dissolutione
913 2839 1120 2903 matrimonii.
1144 2838 1248 2902 Plaut.
1269 2837 1335 2903 Mil.
1358 2838 1399 2921 gl.

266 2954 363 3014 1167:
395 2953 476 3013 Hine
497 2970 598 3014 senem
627 2952 867 3025 distendisse,
891 2962 1056 3031 postquam
1077 2954 1196 3031 feceris
1225 2955 1403 3026 divortium;

268 3060 337 3126 Aul.
361 3066 441 3125 233:
472 3064 622 3125 Neutrubt
652 3064 779 3125 trabeam
808 3065 917 3126 stabile
938 3066 1098 3138 statutum,
1128 3067 1156 3125 si
1186 3066 1261 3140 quid
1289 3066 1401 3125 divorti

258 3180 333 3252 fuat
354 3170 437 3256 (cod.
459 3170 547 3235 BDI
570 3176 687 3236 devorti
704 3171 894 3255 praebent);
917 3172 1017 3237 Stich.
1032 3177 1113 3237 203:
1142 3177 1258 3237 Uxorin
1269 3177 1310 3235 sit
1329 3179 1399 3236 red-

264 3289 367 3347 dendo
387 3289 442 3347 dos
466 3288 612 3362 divorti03
644 3271 738 3347 Trucss
761 3288 839 3349 420:
862 3288 985 3348 Habebo
1008 3289 1046 3348 ob
1068 3290 1130 3360 ilto,
1148 3289 1247 3364 focile
1269 3288 1399 3360 invenio,

264 3416 322 3473 quo
352 3401 438 3458 modo
468 3398 661 3459 BisoordIum
688 3404 718 3458 et
748 3400 910 3459 divortium
937 3400 1019 3459 iuter
1045 3418 1101 3460 uos
1124 3416 1255 3474 pureum
1287 3394 1398 3458 Coton.

263 3504 390 3587 Fragm.
409 3504 498 3569 Orat.
517 3505 585 3569 ReI.
602 3505 745 3585 LXVIII,
770 3511 800 3570 l:
832 3510 883 3570 Vir
905 3528 972 3571 cua
994 3504 1155 3572 divortium
1171 3510 1258 3585 fecit,
1280 3512 1401 3569 mulieri

263 3621 359 3680 iudea
386 3638 445 3695 pro
473 3637 601 3681 censore
630 3627 684 3692 est,
714 3621 877 3695 imperium
908 3625 991 3696 quod
1018 3622 1139 3682 videtur
1173 3621 1283 3692 tobet;
1321 3616 1399 3680 Nos.

264 3733 322 3792 89:
347 3732 509 3807 Postquam
520 3749 554 3791 se
566 3733 641 3792 vidit
656 3749 723 3792 esse
738 3734 891 3805 heredem,
915 3734 1053 3793 desubito
1065 3733 1226 3792 divortium
1239 3732 1397 3792 Fecerunt.

348 3840 418 3903 Iam
436 3838 478 3903 nd
500 3839 575 3903 vim
598 3838 760 3922 augendi
778 3844 991 3904 transeamus.
1013 3829 1015 3833 ¹
1037 3839 1129 3903 Hanc
1151 3840 1215 3903 vim
1235 3838 1298 3903 evi
1320 3838 1399 3902 divi-

264 3951 362 4015 sionis
377 3971 447 4014 esse
468 3949 648 4015 ducendam
660 3955 759 4033 atque
775 3950 808 4014 in
829 3951 870 4015 iis
885 3956 1012 4015 tantum
1024 3950 1132 4015 verbis
1144 3972 1239 4034 posse
1251 3950 1396 4027 inveniri,

264 4083 347 4144 quae
396 4060 548 4126 affectum
586 4061 747 4145 quendam
787 4062 947 4140 indicent,
996 4062 1062 4126 iam
1105 4083 1206 4145 supra
1250 4062 1393 4145 exposui.

331 4300 375 4368 57)
395 4300 544 4355 Gromstici
563 4308 679 4369 veteres,
697 4316 744 4354 rec
762 4300 873 4355 hschm.
892 4302 953 4368 ³70,
971 4302 1013 4354 24.
