3317 4950
754 427 968 510 -1g'-

292 596 343 656 tes
364 591 537 686 pecuniam
563 593 649 657 inter
679 593 799 658 milites
828 593 973 659 dividere
995 615 1066 660 esse
1095 594 1217 665 solitos.
1239 633 1283 644 -
1305 602 1427 676 dispen-

292 713 377 768 sator
400 704 531 788 proprie
555 709 605 770 est
617 725 738 784 servus,
759 705 815 787 qui
837 704 953 771 domus
968 705 1114 772 urbanae
1130 707 1274 773 rationes
1286 712 1382 772 curat
1395 712 1428 772 et

292 815 413 880 domini
428 815 598 899 pecuniam
614 816 828 881 administrat.
861 817 913 881 lta
926 817 1066 901 primum
1082 817 1323 903 dispensatores
1342 824 1427 884 teste
1518 801 1520 805 ’

292 926 389 992 Festo
412 927 492 992 dicti
513 931 597 1007 sunt,
625 928 681 1010 qui
701 948 758 992 aes
779 932 954 1010 pensantes
967 928 1212 1012 expendebant,
1237 950 1303 994 non
1325 929 1427 994 adnu-

291 1037 478 1112 1001911901.Ι
502 1038 588 1102 Η100
608 1039 816 1104 deducuntur
833 1060 972 1118 expensa
995 1040 1062 1105 sive
1085 1045 1273 1119 dispensata.
1308 1041 1427 1107 Exstat

292 1155 486 1230 dispensator
509 1150 603 1235 Gorp.
624 1150 724 1215 Inscr.
747 1150 817 1216 Lat.
841 1151 867 1232 1,
897 1156 997 1218 1044:
1030 1156 1170 1229 „Darius
1191 1157 1278 1232 Disp.
1310 1159 1349 1218 de
1370 1173 1426 1216 sao

285 1268 352 1341 sac.
376 1247 457 1327 caer.
480 1299 523 1310 -
546 1267 758 1342 dispercatere
771 1269 821 1327 est
835 1263 1048 1346 perentiendo
1064 1262 1215 1329 disicere:
1238 1263 1426 1329 Plaut.0as.

289 1373 386 1453 IV5,
412 1377 466 1437 18:
514 1375 677 1439 Cerebram
708 1379 937 1453 dispercatim
968 1385 1096 1440 excetra
1126 1385 1175 1440 ta:
1205 1379 1337 1440 iadibrio
1352 1396 1426 1455 pes·

289 1489 366 1548 sima
394 1491 496 1549 adtac
519 1490 605 1562 Qaae
625 1505 672 1549 me
693 1489 845 1562 habaisti;
872 1484 936 1550 hoc
956 1507 1021 1550 uno
1050 1485 1122 1550 loco
1143 1486 1279 1552 verbum
1299 1487 1426 1569 legitur.

293 1633 336 1644 -
358 1601 550 1674 disperdere,
572 1597 605 1660 in
629 1617 738 1662 omnes
761 1602 874 1680 partes
894 1597 1042 1681 perdere.
1086 1597 1173 1662 Com.
1190 1599 1281 1663 Rom.
1297 1597 1426 1680 Fragm.

289 1708 349 1772 inc.
363 1706 443 1774 Pall.
469 1712 525 1772 12:
548 1695 666 1786 qaalcm
689 1715 810 1773 demeris
833 1715 890 1773 istc
912 1715 1098 1790 chlamydem
1120 1715 1291 1788 disperdit?
1312 1710 1425 1775 Geton.

289 1819 361 1884 libr.
390 1818 441 1884 ad.
464 1819 564 1884 Marc.
595 1819 639 1885 fil.
668 1819 693 1898 Ι,
723 1825 756 1885 81
791 1825 939 1885 iararaat
964 1827 1047 1884 iater
1073 1842 1107 1885 se
1136 1824 1287 1885 barbaros
1312 1841 1426 1885 necare

289 1935 385 1994 omais
404 1935 566 2007 medicina,
588 1937 646 1995 sed
665 1937 723 1995 1100
747 1937 845 2010 pisam
863 1939 1005 1998 mercede
1021 1937 1153 2012 facient,
1175 1943 1209 1997 at
1225 1939 1305 2009 fides
1326 1937 1365 1996 iis
1386 1938 1427 1995 sit

290 2051 319 2104 ct
335 2046 433 2122 facile
456 2046 640 2121 disperdant
647 2067 658 2119 ;
687 2042 792 2110 Plaut.
816 2043 887 2108 Cas.
912 2043 945 2108 II
968 2049 997 2123 3,
1019 2049 1077 2108 321
1106 2047 1190 2119 Bibe,
1214 2064 1257 2120 es,
1280 2049 1426 2122 disperde

288 2175 361 2218 rem.
408 2158 598 2232 disperdere
619 2153 673 2219 hic
694 2155 757 2218 vim
770 2154 862 2220 verbi
885 2160 1059 2234 dissipandi
1079 2154 1225 2238 praebet.
1271 2154 1426 2220 Similiter

288 2265 393 2332 Plaut.
415 2264 503 2331 Trin.
529 2270 608 2329 344:
631 2270 818 2344 disperdidit
825 2291 836 2343 ;
863 2266 959 2331 Titin.
985 2271 1041 2332 161
1072 2271 1232 2345 disperdit.
1255 2303 1299 2315 -—
1318 2266 1425 2331 Passi-

291 2398 366 2442 vum
379 2375 472 2441 verbi
485 2381 535 2442 est
559 2381 714 2456 disperire
735 2377 755 2440 i.
773 2399 800 2442 e.
818 2378 852 2441 in
867 2398 978 2442 omnes
997 2383 1118 2460 partes,
1140 2377 1287 2443 funditus
1308 2379 1424 2461 perire.

289 2489 426 2573 Saepius
457 2488 603 2554 videmus
634 2489 769 2555 verbum
803 2510 877 2555 cum
910 2489 1065 2555 adverbio
1093 2495 1173 2553 maie
1209 2491 1424 2556 coniunctum.

287 2599 392 2665 Plaut.
410 2600 506 2665 Poen.
523 2606 602 2666 8441
626 2605 689 2665 Sed
711 2608 754 2666 ad
768 2612 958 2681 postremam
980 2607 1058 2666 1111111
1078 2612 1229 2681 apparet:
1250 2608 1329 2666 mate
1346 2623 1424 2681 par-

288 2722 348 2777 tam
383 2717 461 2777 maie
492 2716 630 2792 disperit.
688 2712 753 2777 Sed
782 2718 908 2778 ceteras
938 2712 1030 2778 verbi
1059 2708 1264 2779 usitatissimi
1293 2712 1425 2791 formas,

287 2824 441 2907 quoniam
466 2845 545 2888 usus
575 2845 634 2907 per
658 2845 692 2890 se
713 2825 831 2909 planus
860 2829 919 2906 eet,
943 2846 1095 2891 versuum
1122 2825 1266 2890 numeris
1295 2829 1425 2889 tantum

287 2936 438 3020 ascriptis
468 2934 619 3001 afferam:
651 2936 755 3002 Plaut.
785 2936 885 3002 Stich.
918 2941 995 3002 753:
1035 2944 1187 3017 dispereo,
1218 2936 1314 3008 Poen.
1345 2941 1423 3001 908:

288 3050 458 3125 disperibit,
481 3046 575 3113 Most.
589 3053 669 3113 375:
692 3053 860 3127 disperisti,
882 3048 949 3113 Mil.
963 3049 1004 3139 gl.
1019 3053 1095 3113 1631
1120 3052 1302 3126 disperistis.
1347 3046 1424 3109 Sac-

288 3158 420 3242 pissime
443 3164 553 3223 autem
577 3164 707 3237 disperii
728 3158 876 3238 formam,
906 3164 1063 3242 quaeest
1092 3149 1286 3221 exclamatio
1309 3155 1423 3238 despe-

286 3270 399 3348 rantis,
427 3274 465 3334 ut
488 3273 584 3347 perii,
614 3274 728 3346 interii,
760 3279 860 3333 actam
890 3279 935 3333 est
957 3275 996 3333 de
1018 3289 1065 3333 me
1085 3268 1273 3332 invenimus.
1317 3266 1423 3333 Plaut.

287 3382 357 3447 Cas.
379 3382 416 3461 V,
437 3386 464 3461 3,
486 3384 516 3461 2,
539 3379 615 3447 Cist.
638 3380 693 3461 IV,
721 3385 750 3461 2,
774 3385 803 3459 2,
833 3380 887 3460 IV,
920 3386 948 3461 2,
977 3386 1029 3461 47,
1059 3379 1178 3447 Bacch.
1203 3383 1296 3459 1116,
1327 3378 1422 3444 Most.

288 3498 476 3574 9191090,
505 3491 603 3557 Mero.
628 3497 699 3571 999,
728 3497 799 3571 901,
832 3497 903 3573 109,
937 3498 1009 3572 901,
1040 3492 1113 3557 Aul.
1137 3496 1209 3571 242,
1239 3490 1327 3555 Pers.
1351 3495 1423 3568 099,

286 3606 372 3671 Ten.
399 3610 491 3685 1000,
516 3603 946 3686 100910109901404,
970 3609 1042 3684 910,
1071 3603 1208 3688 Adelph.
1232 3602 1421 3683 9900911.

286 3720 376 3783 Rom.
405 3717 533 3799 Fragm.
562 3715 673 3783 Airan.
705 3721 755 3797 65,
787 3716 817 3783 S.
847 3715 969 3801 Turpil.
998 3721 1069 3781 179.
1091 3754 1134 3765 -
1160 3720 1351 3794 disperpere,
1390 3713 1423 3776 in

287 3848 397 3893 omnes
428 3834 540 3911 partes
571 3848 734 3912 spargere,
767 3828 800 3891 10
832 3827 976 3892 diversas
1005 3832 1116 3911 partes
1138 3826 1283 3891 10011010.
1327 3825 1422 3907 Trag.

286 3942 377 4005 Rom.
400 3940 528 4023 Fragm.
550 3940 612 4007 inc.
639 3944 715 4004 1681
743 3944 878 4003 Paeram
903 3944 1024 4003 iaterea
1046 3949 1211 4017 optraacat
1231 3940 1424 4016 membraque

287 4056 473 4117 articulatim
498 4056 605 4127 dipidit
622 4056 743 4129 Perque
766 4071 861 4130 apros
876 4054 996 4128 passim
1011 4054 1163 4129 disperpit
1183 4068 1314 4126 corpas:
1337 4053 1372 4111 id
1386 4068 1424 4110 ea

285 4169 409 4243 pratia;
438 4162 552 4227 eodem
573 4182 670 4227 sensu
692 4162 763 4226 Ter.
786 4160 921 4245 Adelph.
948 4166 1030 4226 317:
1061 4166 1230 4239 disperpat,
1253 4164 1331 4223 1821
1362 4163 1422 4223 dis·

284 4296 422 4355 perpam.
446 4312 490 4323 -
513 4278 680 4353 dispertire
710 4295 730 4337 9
751 4272 914 4337 nonnullis
941 4272 1040 4336 etiam
1063 4276 1232 4350 dispartire
1261 4271 1424 4348 scribitur,
