<?xml version="1.0" encoding="UTF-8"?>
<!DOCTYPE html PUBLIC "-//W3C//DTD XHTML 1.0 Transitional//EN"
    "http://www.w3.org/TR/xhtml1/DTD/xhtml1-transitional.dtd">
<html xmlns="http://www.w3.org/1999/xhtml" xml:lang="en" lang="en">
 <head>
  <title>
</title>
<meta http-equiv="Content-Type" content="text/html;charset=utf-8" />
  <meta name='ocr-system' content='tesseract 3.04.00' />
  <meta name='ocr-capabilities' content='ocr_page ocr_carea ocr_par ocr_line ocrx_word'/>
</head>
<body>
  <div class='ocr_page' id='page_1' title='image "./decompositoruma00neumgoog_0018.png"; bbox 0 0 3317 4950; ppageno 0'>
   <div class='ocr_carea' id='block_1_1' title="bbox 747 431 959 500">
    <p class='ocr_par' dir='ltr' id='par_1_1' title="bbox 747 431 959 500">
     <span class='ocr_line' id='line_1_1' title="bbox 747 431 959 500; baseline 0 -16"><span class='ocrx_word' id='word_1_1' title='bbox 747 431 876 500; x_wconf 75' lang='grc' dir='ltr'>...,Ῑ4</span> <span class='ocrx_word' id='word_1_2' title='bbox 920 473 959 484; x_wconf 93' lang='grc'><strong><em>...</em></strong></span> 
     </span>
    </p>
   </div>
   <div class='ocr_carea' id='block_1_2' title="bbox 283 605 1426 2149">
    <p class='ocr_par' dir='ltr' id='par_1_2' title="bbox 283 605 1426 2149">
     <span class='ocr_line' id='line_1_2' title="bbox 292 605 1425 687; baseline 0 -15"><span class='ocrx_word' id='word_1_3' title='bbox 292 611 429 686; x_wconf 78' lang='lat' dir='ltr'><strong><em>Undique</em></strong></span> <span class='ocrx_word' id='word_1_4' title='bbox 444 613 569 672; x_wconf 83' lang='lat' dir='ltr'><strong><em>uiieuda</em></strong></span> <span class='ocrx_word' id='word_1_5' title='bbox 583 628 696 686; x_wconf 82' lang='lat' dir='ltr'><strong><em>carpus</em></strong></span> <span class='ocrx_word' id='word_1_6' title='bbox 710 612 889 686; x_wconf 77' lang='lat' dir='ltr'><strong><em>discerpere</em></strong></span> <span class='ocrx_word' id='word_1_7' title='bbox 905 614 1006 687; x_wconf 82' lang='lat' dir='ltr'><strong><em>ferra.</em></strong></span> <span class='ocrx_word' id='word_1_8' title='bbox 1024 645 1064 653; x_wconf 92' lang='lat'>-</span> <span class='ocrx_word' id='word_1_9' title='bbox 1082 612 1273 682; x_wconf 82' lang='lat' dir='ltr'><strong><em>disceriare;</em></strong></span> <span class='ocrx_word' id='word_1_10' title='bbox 1290 605 1425 672; x_wconf 88' lang='lat' dir='ltr'><strong><em>verbnm</em></strong></span> 
     </span>
     <span class='ocr_line' id='line_1_3' title="bbox 285 718 1424 804; baseline -0.001 -19"><span class='ocrx_word' id='word_1_11' title='bbox 285 723 319 785; x_wconf 91' lang='lat' dir='ltr'><strong><em>in</em></strong></span> <span class='ocrx_word' id='word_1_12' title='bbox 341 720 435 785; x_wconf 81' lang='lat' dir='ltr'><strong><em>libris</em></strong></span> <span class='ocrx_word' id='word_1_13' title='bbox 457 720 640 804; x_wconf 85' lang='lat' dir='ltr'><strong><em>priscorum</em></strong></span> <span class='ocrx_word' id='word_1_14' title='bbox 663 719 859 802; x_wconf 79' lang='lat' dir='ltr'><strong><em>scriptorum</em></strong></span> <span class='ocrx_word' id='word_1_15' title='bbox 885 739 949 782; x_wconf 88' lang='lat' dir='ltr'><strong><em>non</em></strong></span> <span class='ocrx_word' id='word_1_16' title='bbox 979 723 1096 798; x_wconf 83' lang='lat' dir='ltr'><strong><em>exstat,</em></strong></span> <span class='ocrx_word' id='word_1_17' title='bbox 1126 718 1190 783; x_wconf 82' lang='lat' dir='ltr'><strong><em>nisi</em></strong></span> <span class='ocrx_word' id='word_1_18' title='bbox 1212 719 1317 789; x_wconf 90' lang='lat' dir='ltr'><strong><em>Plaut.</em></strong></span> <span class='ocrx_word' id='word_1_19' title='bbox 1340 719 1424 784; x_wconf 89' lang='lat' dir='ltr'><strong><em>Meu.</em></strong></span> 
     </span>
     <span class='ocr_line' id='line_1_4' title="bbox 287 835 1426 909; baseline -0.002 -12"><span class='ocrx_word' id='word_1_20' title='bbox 287 838 368 899; x_wconf 80' lang='lat'>809:</span> <span class='ocrx_word' id='word_1_21' title='bbox 393 835 449 896; x_wconf 78' lang='lat' dir='ltr'><strong><em>liic</em></strong></span> <span class='ocrx_word' id='word_1_22' title='bbox 470 836 510 895; x_wconf 93' lang='lat' dir='ltr'><strong><em>mi</em></strong></span> <span class='ocrx_word' id='word_1_23' title='bbox 531 836 620 907; x_wconf 78' lang='lat' dir='ltr'><strong><em>istuc,</em></strong></span> <span class='ocrx_word' id='word_1_24' title='bbox 643 835 849 906; x_wconf 77' lang='lat' dir='ltr'><strong><em>Menaechme,</em></strong></span> <span class='ocrx_word' id='word_1_25' title='bbox 873 836 956 909; x_wconf 82' lang='lat' dir='ltr'><strong><em>quad</em></strong></span> <span class='ocrx_word' id='word_1_26' title='bbox 976 851 1028 893; x_wconf 83' lang='lat' dir='ltr'><strong><em>aas</em></strong></span> <span class='ocrx_word' id='word_1_27' title='bbox 1050 835 1235 906; x_wconf 84' lang='lat' dir='ltr'><strong><em>disceriatis,</em></strong></span> <span class='ocrx_word' id='word_1_28' title='bbox 1257 841 1292 896; x_wconf 80' lang='lat' dir='ltr'><strong><em>ut</em></strong></span> <span class='ocrx_word' id='word_1_29' title='bbox 1310 836 1426 907; x_wconf 87' lang='lat' dir='ltr'><strong><em>sciam;</em></strong></span> 
     </span>
     <span class='ocr_line' id='line_1_5' title="bbox 286 931 1424 1028; baseline -0.001 -20"><span class='ocrx_word' id='word_1_30' title='bbox 286 944 350 1008; x_wconf 79' lang='lat' dir='ltr'><strong><em>DF</em></strong></span> <span class='ocrx_word' id='word_1_31' title='bbox 373 947 558 1019; x_wconf 83' lang='lat' dir='ltr'><strong><em>disceriaiis,</em></strong></span> <span class='ocrx_word' id='word_1_32' title='bbox 581 941 641 1007; x_wconf 84' lang='lat' dir='ltr'><strong><em>Bc</em></strong></span> <span class='ocrx_word' id='word_1_33' title='bbox 659 947 847 1028; x_wconf 66' lang='lat' dir='ltr'><strong><em>disperdatis,</em></strong></span> <span class='ocrx_word' id='word_1_34' title='bbox 868 941 892 1005; x_wconf 89' lang='lat' dir='ltr'>Z</span> <span class='ocrx_word' id='word_1_35' title='bbox 909 947 1073 1006; x_wconf 79' lang='lat' dir='ltr'><strong><em>decertatis</em></strong></span> <span class='ocrx_word' id='word_1_36' title='bbox 1093 931 1256 1007; x_wconf 80' lang='lat' dir='ltr'><strong><em>exhibent.</em></strong></span> <span class='ocrx_word' id='word_1_37' title='bbox 1300 947 1424 1007; x_wconf 84' lang='lat' dir='ltr'><strong><em>Discer-</em></strong></span> 
     </span>
     <span class='ocr_line' id='line_1_6' title="bbox 288 1053 1426 1138; baseline -0.001 -17"><span class='ocrx_word' id='word_1_38' title='bbox 288 1067 356 1122; x_wconf 84' lang='lat' dir='ltr'><strong><em>iare</em></strong></span> <span class='ocrx_word' id='word_1_39' title='bbox 376 1060 463 1122; x_wconf 85' lang='lat' dir='ltr'><strong><em>esset</em></strong></span> <span class='ocrx_word' id='word_1_40' title='bbox 479 1055 513 1118; x_wconf 89' lang='lat' dir='ltr'><strong><em>in</em></strong></span> <span class='ocrx_word' id='word_1_41' title='bbox 528 1059 701 1138; x_wconf 84' lang='lat' dir='ltr'><strong><em>utramque</em></strong></span> <span class='ocrx_word' id='word_1_42' title='bbox 724 1059 853 1138; x_wconf 86' lang='lat' dir='ltr'><strong><em>partem</em></strong></span> <span class='ocrx_word' id='word_1_43' title='bbox 869 1053 1048 1136; x_wconf 84' lang='lat' dir='ltr'><strong><em>disputare.</em></strong></span> <span class='ocrx_word' id='word_1_44' title='bbox 1088 1053 1234 1119; x_wconf 87' lang='lat' dir='ltr'><strong><em>Eandem</em></strong></span> <span class='ocrx_word' id='word_1_45' title='bbox 1246 1055 1311 1118; x_wconf 84' lang='lat' dir='ltr'><strong><em>rim</em></strong></span> <span class='ocrx_word' id='word_1_46' title='bbox 1327 1055 1426 1120; x_wconf 89' lang='lat' dir='ltr'><strong><em>etiam</em></strong></span> 
     </span>
     <span class='ocr_line' id='line_1_7' title="bbox 285 1163 1425 1249; baseline -0.003 -16"><span class='ocrx_word' id='word_1_47' title='bbox 285 1167 420 1233; x_wconf 75' lang='lat' dir='ltr'><strong><em>uerbum</em></strong></span> <span class='ocrx_word' id='word_1_48' title='bbox 450 1171 639 1231; x_wconf 78' lang='lat' dir='ltr'><strong><em>dissertandi</em></strong></span> <span class='ocrx_word' id='word_1_49' title='bbox 664 1164 810 1249; x_wconf 86' lang='lat' dir='ltr'><strong><em>praebet.</em></strong></span> <span class='ocrx_word' id='word_1_50' title='bbox 855 1163 1054 1230; x_wconf 82' lang='lat' dir='ltr'><strong><em>Ritschelins</em></strong></span> <span class='ocrx_word' id='word_1_51' title='bbox 1086 1165 1158 1229; x_wconf 88' lang='lat' dir='ltr'><strong><em>loco</em></strong></span> <span class='ocrx_word' id='word_1_52' title='bbox 1181 1164 1333 1231; x_wconf 88' lang='lat' dir='ltr'><strong><em>Plautino</em></strong></span> <span class='ocrx_word' id='word_1_53' title='bbox 1364 1173 1425 1232; x_wconf 89' lang='lat' dir='ltr'><strong><em>dis-</em></strong></span> 
     </span>
     <span class='ocr_line' id='line_1_8' title="bbox 286 1277 1424 1362; baseline -0.002 -18"><span class='ocrx_word' id='word_1_54' title='bbox 286 1290 420 1356; x_wconf 83' lang='lat' dir='ltr'><strong><em>certare‚</em></strong></span> <span class='ocrx_word' id='word_1_55' title='bbox 449 1279 550 1344; x_wconf 86' lang='lat' dir='ltr'><strong><em>ceteri</em></strong></span> <span class='ocrx_word' id='word_1_56' title='bbox 581 1277 722 1342; x_wconf 81' lang='lat' dir='ltr'><strong><em>editores</em></strong></span> <span class='ocrx_word' id='word_1_57' title='bbox 752 1281 924 1342; x_wconf 79' lang='lat' dir='ltr'><strong><em>dissertare</em></strong></span> <span class='ocrx_word' id='word_1_58' title='bbox 945 1277 979 1340; x_wconf 93' lang='lat' dir='ltr'><strong><em>in</em></strong></span> <span class='ocrx_word' id='word_1_59' title='bbox 1009 1281 1196 1342; x_wconf 86' lang='lat' dir='ltr'><strong><em>contextum</em></strong></span> <span class='ocrx_word' id='word_1_60' title='bbox 1222 1283 1424 1362; x_wconf 90' lang='lat' dir='ltr'><strong><em>receperunt.</em></strong></span> 
     </span>
     <span class='ocr_line' id='line_1_9' title="bbox 283 1387 1424 1474; baseline -0.002 -18"><span class='ocrx_word' id='word_1_61' title='bbox 283 1391 354 1456; x_wconf 44' lang='lat' dir='ltr'><strong><em>wHas</em></strong></span> <span class='ocrx_word' id='word_1_62' title='bbox 368 1410 428 1474; x_wconf 83' lang='lat' dir='ltr'><strong><em>ega</em></strong></span> <span class='ocrx_word' id='word_1_63' title='bbox 438 1389 530 1472; x_wconf 84' lang='lat' dir='ltr'><strong><em>sequi</em></strong></span> <span class='ocrx_word' id='word_1_64' title='bbox 542 1388 662 1469; x_wconf 88' lang='lat' dir='ltr'><strong><em>malim,</em></strong></span> <span class='ocrx_word' id='word_1_65' title='bbox 676 1390 817 1472; x_wconf 91' lang='lat' dir='ltr'><strong><em>primum</em></strong></span> <span class='ocrx_word' id='word_1_66' title='bbox 829 1387 916 1471; x_wconf 86' lang='lat' dir='ltr'><strong><em>quud</em></strong></span> <span class='ocrx_word' id='word_1_67' title='bbox 929 1387 1057 1453; x_wconf 85' lang='lat' dir='ltr'><strong><em>codices</em></strong></span> <span class='ocrx_word' id='word_1_68' title='bbox 1067 1387 1208 1454; x_wconf 84' lang='lat' dir='ltr'><strong><em>melioria</em></strong></span> <span class='ocrx_word' id='word_1_69' title='bbox 1218 1390 1424 1454; x_wconf 78' lang='lat' dir='ltr'><strong><em>auctoritatis</em></strong></span> 
     </span>
     <span class='ocr_line' id='line_1_10' title="bbox 287 1498 1424 1584; baseline -0.001 -18"><span class='ocrx_word' id='word_1_70' title='bbox 287 1507 458 1566; x_wconf 83' lang='lat' dir='ltr'><strong><em>dissertare</em></strong></span> <span class='ocrx_word' id='word_1_71' title='bbox 479 1499 648 1584; x_wconf 84' lang='lat' dir='ltr'><strong><em>praebent,</em></strong></span> <span class='ocrx_word' id='word_1_72' title='bbox 670 1500 746 1565; x_wconf 90' lang='lat' dir='ltr'><strong><em>dein</em></strong></span> <span class='ocrx_word' id='word_1_73' title='bbox 768 1499 855 1583; x_wconf 89' lang='lat' dir='ltr'><strong><em>qnod</em></strong></span> <span class='ocrx_word' id='word_1_74' title='bbox 877 1498 1012 1564; x_wconf 84' lang='lat' dir='ltr'><strong><em>verbum</em></strong></span> <span class='ocrx_word' id='word_1_75' title='bbox 1036 1505 1227 1564; x_wconf 84' lang='lat' dir='ltr'><strong><em>disceriaudi</em></strong></span> <span class='ocrx_word' id='word_1_76' title='bbox 1249 1499 1322 1565; x_wconf 88' lang='lat' dir='ltr'><strong><em>aliis</em></strong></span> <span class='ocrx_word' id='word_1_77' title='bbox 1344 1501 1424 1566; x_wconf 87' lang='lat' dir='ltr'><strong><em>locis</em></strong></span> 
     </span>
     <span class='ocr_line' id='line_1_11' title="bbox 285 1610 1424 1697; baseline -0.002 -18"><span class='ocrx_word' id='word_1_78' title='bbox 285 1635 337 1679; x_wconf 89' lang='lat' dir='ltr'><strong><em>me</em></strong></span> <span class='ocrx_word' id='word_1_79' title='bbox 351 1613 461 1697; x_wconf 85' lang='lat' dir='ltr'><strong><em>legere</em></strong></span> <span class='ocrx_word' id='word_1_80' title='bbox 473 1633 538 1678; x_wconf 91' lang='lat' dir='ltr'><strong><em>non</em></strong></span> <span class='ocrx_word' id='word_1_81' title='bbox 551 1612 691 1678; x_wconf 87' lang='lat' dir='ltr'><strong><em>memini.</em></strong></span> <span class='ocrx_word' id='word_1_82' title='bbox 723 1610 867 1678; x_wconf 89' lang='lat' dir='ltr'><strong><em>Verbum</em></strong></span> <span class='ocrx_word' id='word_1_83' title='bbox 885 1617 1074 1677; x_wconf 78' lang='lat' dir='ltr'><strong><em>dissertandi</em></strong></span> <span class='ocrx_word' id='word_1_84' title='bbox 1087 1611 1185 1676; x_wconf 91' lang='lat' dir='ltr'><strong><em>etiam</em></strong></span> <span class='ocrx_word' id='word_1_85' title='bbox 1201 1611 1298 1696; x_wconf 87' lang='lat' dir='ltr'><strong><em>apud</em></strong></span> <span class='ocrx_word' id='word_1_86' title='bbox 1312 1611 1424 1678; x_wconf 86' lang='lat' dir='ltr'><strong><em>Caton.</em></strong></span> 
     </span>
     <span class='ocr_line' id='line_1_12' title="bbox 287 1703 1426 1805; baseline -0.001 -15"><span class='ocrx_word' id='word_1_87' title='bbox 287 1703 383 1791; x_wconf 68' lang='lat' dir='ltr'><strong><em>orae</em></strong></span> <span class='ocrx_word' id='word_1_88' title='bbox 399 1723 468 1789; x_wconf 77' lang='lat' dir='ltr'><strong><em>nel.</em></strong></span> <span class='ocrx_word' id='word_1_89' title='bbox 490 1730 563 1804; x_wconf 74' lang='lat' dir='ltr'><strong><em>aaa</em></strong></span> <span class='ocrx_word' id='word_1_90' title='bbox 587 1727 711 1789; x_wconf 73' lang='lat' dir='ltr'><strong><em>exstat:</em></strong></span> <span class='ocrx_word' id='word_1_91' title='bbox 746 1728 827 1801; x_wconf 78' lang='lat' dir='ltr'><strong><em>aura</em></strong></span> <span class='ocrx_word' id='word_1_92' title='bbox 848 1743 904 1805; x_wconf 65' lang='lat' dir='ltr'><strong><em>ero</em></strong></span> <span class='ocrx_word' id='word_1_93' title='bbox 926 1744 994 1788; x_wconf 75' lang='lat' dir='ltr'><strong><em>cum</em></strong></span> <span class='ocrx_word' id='word_1_94' title='bbox 1016 1729 1067 1788; x_wconf 84' lang='lat' dir='ltr'><strong><em>aa</em></strong></span> <span class='ocrx_word' id='word_1_95' title='bbox 1092 1729 1252 1788; x_wconf 73' lang='lat' dir='ltr'><strong><em>anserum</em></strong></span> <span class='ocrx_word' id='word_1_96' title='bbox 1274 1731 1426 1804; x_wconf 71' lang='lat' dir='ltr'><strong><em>impera?</em></strong></span> 
     </span>
     <span class='ocr_line' id='line_1_13' title="bbox 287 1835 1425 1920; baseline -0.001 -18"><span class='ocrx_word' id='word_1_97' title='bbox 287 1836 423 1902; x_wconf 83' lang='lat' dir='ltr'><strong><em>Accedit</em></strong></span> <span class='ocrx_word' id='word_1_98' title='bbox 448 1856 511 1902; x_wconf 87' lang='lat' dir='ltr'><strong><em>vox</em></strong></span> <span class='ocrx_word' id='word_1_99' title='bbox 540 1840 757 1901; x_wconf 85' lang='lat' dir='ltr'><strong><em>edissertaudi.</em></strong></span> <span class='ocrx_word' id='word_1_100' title='bbox 790 1873 829 1882; x_wconf 93' lang='lat'><em>-</em></span> <span class='ocrx_word' id='word_1_101' title='bbox 854 1840 1001 1901; x_wconf 84' lang='lat' dir='ltr'><strong><em>discessio</em></strong></span> <span class='ocrx_word' id='word_1_102' title='bbox 1031 1835 1085 1918; x_wconf 86' lang='lat' dir='ltr'><strong><em>(ci.</em></strong></span> <span class='ocrx_word' id='word_1_103' title='bbox 1117 1837 1301 1920; x_wconf 84' lang='lat' dir='ltr'><strong><em>discedere),</em></strong></span> <span class='ocrx_word' id='word_1_104' title='bbox 1333 1841 1425 1902; x_wconf 86' lang='lat' dir='ltr'><strong><em>actus</em></strong></span> 
     </span>
     <span class='ocr_line' id='line_1_14' title="bbox 287 1945 1424 2029; baseline -0.001 -15"><span class='ocrx_word' id='word_1_105' title='bbox 287 1946 484 2029; x_wconf 85' lang='lat' dir='ltr'><strong><em>discedendi,</em></strong></span> <span class='ocrx_word' id='word_1_106' title='bbox 506 1948 581 2013; x_wconf 89' lang='lat' dir='ltr'><strong><em>dein</em></strong></span> <span class='ocrx_word' id='word_1_107' title='bbox 603 1945 786 2012; x_wconf 75' lang='lat' dir='ltr'><strong><em>diuortium.</em></strong></span> <span class='ocrx_word' id='word_1_108' title='bbox 809 1946 882 2012; x_wconf 87' lang='lat' dir='ltr'><strong><em>Ter.</em></strong></span> <span class='ocrx_word' id='word_1_109' title='bbox 905 1947 1004 2011; x_wconf 83' lang='lat' dir='ltr'><strong><em>Andr.</em></strong></span> <span class='ocrx_word' id='word_1_110' title='bbox 1029 1952 1108 2012; x_wconf 79' lang='lat'>568:</span> <span class='ocrx_word' id='word_1_111' title='bbox 1131 1952 1245 2028; x_wconf 80' lang='lat' dir='ltr'><strong><em>Nempe</em></strong></span> <span class='ocrx_word' id='word_1_112' title='bbox 1266 1953 1424 2013; x_wconf 84' lang='lat' dir='ltr'><strong><em>incommo-</em></strong></span> 
     </span>
     <span class='ocr_line' id='line_1_15' title="bbox 288 2062 1426 2149; baseline -0.003 -23"><span class='ocrx_word' id='word_1_113' title='bbox 288 2066 368 2126; x_wconf 77' lang='lat' dir='ltr'><strong><em>ditas</em></strong></span> <span class='ocrx_word' id='word_1_114' title='bbox 391 2065 523 2140; x_wconf 76' lang='lat' dir='ltr'><strong><em>denique</em></strong></span> <span class='ocrx_word' id='word_1_115' title='bbox 543 2065 604 2124; x_wconf 80' lang='lat' dir='ltr'><strong><em>duc</em></strong></span> <span class='ocrx_word' id='word_1_116' title='bbox 625 2064 721 2124; x_wconf 85' lang='lat' dir='ltr'><strong><em>ommis</em></strong></span> <span class='ocrx_word' id='word_1_117' title='bbox 742 2063 834 2135; x_wconf 84' lang='lat' dir='ltr'><strong><em>redii,</em></strong></span> <span class='ocrx_word' id='word_1_118' title='bbox 865 2062 899 2123; x_wconf 84' lang='lat' dir='ltr'><strong><em>Si</em></strong></span> <span class='ocrx_word' id='word_1_119' title='bbox 921 2063 1049 2134; x_wconf 80' lang='lat' dir='ltr'><strong><em>eveniat,</em></strong></span> <span class='ocrx_word' id='word_1_120' title='bbox 1079 2065 1162 2138; x_wconf 78' lang='lat' dir='ltr'><strong><em>quod</em></strong></span> <span class='ocrx_word' id='word_1_121' title='bbox 1183 2065 1216 2124; x_wconf 90' lang='lat' dir='ltr'><strong><em>di</em></strong></span> <span class='ocrx_word' id='word_1_122' title='bbox 1238 2064 1426 2149; x_wconf 77' lang='lat' dir='ltr'><strong><em>prohibeam</em></strong></span> 
     </span>
    </p>
   </div>
   <div class='ocr_carea' id='block_1_3' title="bbox 288 2160 1526 2256">
    <p class='ocr_par' dir='ltr' id='par_1_3' title="bbox 288 2160 1526 2256">
     <span class='ocr_line' id='line_1_16' title="bbox 288 2160 1526 2256; baseline 0 -19"><span class='ocrx_word' id='word_1_123' title='bbox 288 2177 443 2238; x_wconf 89' lang='lat' dir='ltr'><strong><em>discessia.</em></strong></span> <span class='ocrx_word' id='word_1_124' title='bbox 466 2209 509 2220; x_wconf 87' lang='lat'>-</span> <span class='ocrx_word' id='word_1_125' title='bbox 532 2175 694 2236; x_wconf 83' lang='lat' dir='ltr'><strong><em>discidium</em></strong></span> <span class='ocrx_word' id='word_1_126' title='bbox 710 2170 879 2235; x_wconf 83' lang='lat' dir='ltr'><strong><em>derivatur</em></strong></span> <span class='ocrx_word' id='word_1_127' title='bbox 900 2190 921 2233; x_wconf 92' lang='lat' dir='ltr'><strong><em>a</em></strong></span> <span class='ocrx_word' id='word_1_128' title='bbox 942 2168 1041 2235; x_wconf 83' lang='lat' dir='ltr'><strong><em>verbo</em></strong></span> <span class='ocrx_word' id='word_1_129' title='bbox 1065 2169 1275 2249; x_wconf 85' lang='lat' dir='ltr'><strong><em>discindendi.</em></strong></span> <span class='ocrx_word' id='word_1_130' title='bbox 1320 2172 1425 2256; x_wconf 86' lang='lat' dir='ltr'><strong><em>Saepe</em></strong></span> <span class='ocrx_word' id='word_1_131' title='bbox 1524 2160 1526 2163; x_wconf 45' lang='grc'>’</span> 
     </span>
    </p>
   </div>
   <div class='ocr_carea' id='block_1_4' title="bbox 285 2280 1430 4149">
    <p class='ocr_par' dir='ltr' id='par_1_4' title="bbox 285 2280 1430 4149">
     <span class='ocr_line' id='line_1_17' title="bbox 287 2280 1425 2366; baseline -0.001 -17"><span class='ocrx_word' id='word_1_132' title='bbox 287 2287 520 2349; x_wconf 84' lang='lat' dir='ltr'><strong><em>commutatum</em></strong></span> <span class='ocrx_word' id='word_1_133' title='bbox 542 2287 593 2347; x_wconf 83' lang='lat' dir='ltr'><strong><em>eet</em></strong></span> <span class='ocrx_word' id='word_1_134' title='bbox 616 2280 859 2348; x_wconf 86' lang='lat' dir='ltr'><strong><em>cumvocabula</em></strong></span> <span class='ocrx_word' id='word_1_135' title='bbox 883 2287 1050 2347; x_wconf 85' lang='lat' dir='ltr'><strong><em>dissidium.</em></strong></span> <span class='ocrx_word' id='word_1_136' title='bbox 1095 2281 1247 2365; x_wconf 90' lang='lat' dir='ltr'><strong><em>Plerique</em></strong></span> <span class='ocrx_word' id='word_1_137' title='bbox 1264 2303 1425 2366; x_wconf 87' lang='lat' dir='ltr'><strong><em>gramma-</em></strong></span> 
     </span>
     <span class='ocr_line' id='line_1_18' title="bbox 285 2393 1426 2474; baseline 0 -14"><span class='ocrx_word' id='word_1_138' title='bbox 285 2396 426 2461; x_wconf 90' lang='lat' dir='ltr'><strong><em>ticorum</em></strong></span> <span class='ocrx_word' id='word_1_139' title='bbox 456 2393 646 2474; x_wconf 84' lang='lat' dir='ltr'><strong><em>docuerunt,</em></strong></span> <span class='ocrx_word' id='word_1_140' title='bbox 678 2394 743 2459; x_wconf 89' lang='lat' dir='ltr'><strong><em>duo</em></strong></span> <span class='ocrx_word' id='word_1_141' title='bbox 770 2413 841 2459; x_wconf 84' lang='lat' dir='ltr'><strong><em>ease</em></strong></span> <span class='ocrx_word' id='word_1_142' title='bbox 869 2393 973 2458; x_wconf 90' lang='lat' dir='ltr'><strong><em>latina</em></strong></span> <span class='ocrx_word' id='word_1_143' title='bbox 1000 2393 1168 2473; x_wconf 83' lang='lat' dir='ltr'><strong><em>vocabula,</em></strong></span> <span class='ocrx_word' id='word_1_144' title='bbox 1201 2399 1362 2460; x_wconf 83' lang='lat' dir='ltr'><strong><em>discidium</em></strong></span> <span class='ocrx_word' id='word_1_145' title='bbox 1393 2401 1426 2460; x_wconf 87' lang='lat' dir='ltr'><strong><em>et</em></strong></span> 
     </span>
     <span class='ocr_line' id='line_1_19' title="bbox 287 2505 1426 2594; baseline -0.002 -21"><span class='ocrx_word' id='word_1_146' title='bbox 287 2513 456 2583; x_wconf 87' lang='lat' dir='ltr'><strong><em>dissidium,</em></strong></span> <span class='ocrx_word' id='word_1_147' title='bbox 480 2527 619 2590; x_wconf 91' lang='lat' dir='ltr'><strong><em>quorum</em></strong></span> <span class='ocrx_word' id='word_1_148' title='bbox 640 2506 722 2571; x_wconf 90' lang='lat' dir='ltr'><strong><em>illud</em></strong></span> <span class='ocrx_word' id='word_1_149' title='bbox 743 2505 878 2594; x_wconf 81' lang='lat' dir='ltr'><strong><em>averba</em></strong></span> <span class='ocrx_word' id='word_1_150' title='bbox 893 2512 1090 2572; x_wconf 85' lang='lat' dir='ltr'><strong><em>discindeudi</em></strong></span> <span class='ocrx_word' id='word_1_151' title='bbox 1110 2506 1251 2588; x_wconf 86' lang='lat' dir='ltr'><strong><em>ductum,</em></strong></span> <span class='ocrx_word' id='word_1_152' title='bbox 1274 2507 1362 2590; x_wconf 91' lang='lat' dir='ltr'><strong><em>quod</em></strong></span> <span class='ocrx_word' id='word_1_153' title='bbox 1384 2507 1426 2572; x_wconf 90' lang='lat' dir='ltr'><strong><em>de</em></strong></span> 
     </span>
     <span class='ocr_line' id='line_1_20' title="bbox 287 2618 1424 2712; baseline 0 -29"><span class='ocrx_word' id='word_1_154' title='bbox 287 2618 436 2703; x_wconf 82' lang='lat' dir='ltr'><strong><em>graviore</em></strong></span> <span class='ocrx_word' id='word_1_155' title='bbox 457 2618 489 2683; x_wconf 86' lang='lat' dir='ltr'><strong><em>vi</em></strong></span> <span class='ocrx_word' id='word_1_156' title='bbox 521 2624 657 2684; x_wconf 86' lang='lat' dir='ltr'><strong><em>externa</em></strong></span> <span class='ocrx_word' id='word_1_157' title='bbox 688 2623 831 2701; x_wconf 88' lang='lat' dir='ltr'><strong><em>ponatur</em></strong></span> <span class='ocrx_word' id='word_1_158' title='bbox 860 2637 1033 2701; x_wconf 87' lang='lat' dir='ltr'><strong><em>corporum</em></strong></span> <span class='ocrx_word' id='word_1_159' title='bbox 1063 2623 1096 2683; x_wconf 92' lang='lat' dir='ltr'><strong><em>et</em></strong></span> <span class='ocrx_word' id='word_1_160' title='bbox 1126 2620 1221 2701; x_wconf 80' lang='lat' dir='ltr'><strong><em>quasi</em></strong></span> <span class='ocrx_word' id='word_1_161' title='bbox 1251 2640 1424 2712; x_wconf 87' lang='lat' dir='ltr'><strong><em>corporum</em></strong></span> 
     </span>
     <span class='ocr_line' id='line_1_21' title="bbox 287 2729 1424 2815; baseline -0.001 -19"><span class='ocrx_word' id='word_1_162' title='bbox 287 2730 527 2815; x_wconf 86' lang='lat' dir='ltr'><strong><em>separationem</em></strong></span> <span class='ocrx_word' id='word_1_163' title='bbox 550 2729 711 2813; x_wconf 83' lang='lat' dir='ltr'><strong><em>significet</em></strong></span> <span class='ocrx_word' id='word_1_164' title='bbox 730 2735 763 2794; x_wconf 86' lang='lat' dir='ltr'><strong><em>et</em></strong></span> <span class='ocrx_word' id='word_1_165' title='bbox 786 2730 916 2795; x_wconf 89' lang='lat' dir='ltr'><strong><em>omnino</em></strong></span> <span class='ocrx_word' id='word_1_166' title='bbox 939 2729 1197 2811; x_wconf 86' lang='lat' dir='ltr'><strong><em>disiunctionem,</em></strong></span> <span class='ocrx_word' id='word_1_167' title='bbox 1218 2731 1307 2796; x_wconf 84' lang='lat' dir='ltr'><strong><em>velut</em></strong></span> <span class='ocrx_word' id='word_1_168' title='bbox 1322 2730 1424 2795; x_wconf 90' lang='lat' dir='ltr'><strong><em>homi-</em></strong></span> 
     </span>
     <span class='ocr_line' id='line_1_22' title="bbox 286 2840 1425 2926; baseline 0.001 -20"><span class='ocrx_word' id='word_1_169' title='bbox 286 2840 1425 2926; x_wconf 85' lang='lat' dir='ltr'><strong><em>nummatrimonioconiunctorum,hocadissidendoanimorumquen-</em></strong></span> 
     </span>
     <span class='ocr_line' id='line_1_23' title="bbox 287 2945 1424 3039; baseline 0.001 -20"><span class='ocrx_word' id='word_1_170' title='bbox 287 2954 362 3019; x_wconf 90' lang='lat' dir='ltr'><strong><em>dam</em></strong></span> <span class='ocrx_word' id='word_1_171' title='bbox 378 2953 627 3039; x_wconf 85' lang='lat' dir='ltr'><strong><em>separationem.</em></strong></span> <span class='ocrx_word' id='word_1_172' title='bbox 658 2952 893 3037; x_wconf 80' lang='lat' dir='ltr'><strong><em>Madvigius³⁵)</em></strong></span> <span class='ocrx_word' id='word_1_173' title='bbox 906 2945 1106 3038; x_wconf 82' lang='lat' dir='ltr'><strong><em>argumentis</em></strong></span> <span class='ocrx_word' id='word_1_174' title='bbox 1120 2954 1281 3037; x_wconf 82' lang='lat' dir='ltr'><strong><em>probavit,</em></strong></span> <span class='ocrx_word' id='word_1_175' title='bbox 1301 2954 1424 3020; x_wconf 93' lang='lat' dir='ltr'><strong><em>nullum</em></strong></span> 
     </span>
     <span class='ocr_line' id='line_1_24' title="bbox 288 3064 1425 3148; baseline -0.002 -17"><span class='ocrx_word' id='word_1_176' title='bbox 288 3086 359 3131; x_wconf 84' lang='lat' dir='ltr'><strong><em>esse</em></strong></span> <span class='ocrx_word' id='word_1_177' title='bbox 371 3066 508 3131; x_wconf 87' lang='lat' dir='ltr'><strong><em>latinum</em></strong></span> <span class='ocrx_word' id='word_1_178' title='bbox 516 3064 710 3130; x_wconf 82' lang='lat' dir='ltr'><strong><em>vocabulum</em></strong></span> <span class='ocrx_word' id='word_1_179' title='bbox 723 3070 891 3143; x_wconf 87' lang='lat' dir='ltr'><strong><em>dissidium,</em></strong></span> <span class='ocrx_word' id='word_1_180' title='bbox 908 3065 943 3130; x_wconf 92' lang='lat' dir='ltr'><strong><em>id</em></strong></span> <span class='ocrx_word' id='word_1_181' title='bbox 955 3071 1073 3145; x_wconf 88' lang='lat' dir='ltr'><strong><em>antem,</em></strong></span> <span class='ocrx_word' id='word_1_182' title='bbox 1097 3066 1185 3148; x_wconf 91' lang='lat' dir='ltr'><strong><em>quod</em></strong></span> <span class='ocrx_word' id='word_1_183' title='bbox 1198 3066 1241 3130; x_wconf 85' lang='lat' dir='ltr'><strong><em>eit</em></strong></span> <span class='ocrx_word' id='word_1_184' title='bbox 1254 3072 1425 3141; x_wconf 88' lang='lat' dir='ltr'><strong><em>discidium,</em></strong></span> 
     </span>
     <span class='ocr_line' id='line_1_25' title="bbox 286 3176 1426 3260; baseline 0 -19"><span class='ocrx_word' id='word_1_185' title='bbox 286 3179 334 3241; x_wconf 90' lang='lat' dir='ltr'><strong><em>ita</em></strong></span> <span class='ocrx_word' id='word_1_186' title='bbox 345 3176 412 3242; x_wconf 85' lang='lat' dir='ltr'><strong><em>lata</em></strong></span> <span class='ocrx_word' id='word_1_187' title='bbox 423 3180 547 3260; x_wconf 85' lang='lat' dir='ltr'><strong><em>patere,</em></strong></span> <span class='ocrx_word' id='word_1_188' title='bbox 565 3180 603 3241; x_wconf 87' lang='lat' dir='ltr'><strong><em>ut</em></strong></span> <span class='ocrx_word' id='word_1_189' title='bbox 616 3196 681 3241; x_wconf 90' lang='lat' dir='ltr'><strong><em>non</em></strong></span> <span class='ocrx_word' id='word_1_190' title='bbox 697 3177 802 3242; x_wconf 85' lang='lat' dir='ltr'><strong><em>solnm</em></strong></span> <span class='ocrx_word' id='word_1_191' title='bbox 814 3176 857 3242; x_wconf 90' lang='lat' dir='ltr'><strong><em>ad</em></strong></span> <span class='ocrx_word' id='word_1_192' title='bbox 869 3198 981 3243; x_wconf 89' lang='lat' dir='ltr'><strong><em>eorum</em></strong></span> <span class='ocrx_word' id='word_1_193' title='bbox 993 3176 1241 3260; x_wconf 86' lang='lat' dir='ltr'><strong><em>separationem,</em></strong></span> <span class='ocrx_word' id='word_1_194' title='bbox 1260 3177 1363 3259; x_wconf 90' lang='lat' dir='ltr'><strong><em>quiin</em></strong></span> <span class='ocrx_word' id='word_1_195' title='bbox 1378 3177 1426 3241; x_wconf 93' lang='lat' dir='ltr'><strong><em>di-</em></strong></span> 
     </span>
     <span class='ocr_line' id='line_1_26' title="bbox 288 3287 1426 3371; baseline 0 -18"><span class='ocrx_word' id='word_1_196' title='bbox 288 3308 383 3353; x_wconf 86' lang='lat' dir='ltr'><strong><em>versa</em></strong></span> <span class='ocrx_word' id='word_1_197' title='bbox 403 3287 477 3353; x_wconf 90' lang='lat' dir='ltr'><strong><em>loca</em></strong></span> <span class='ocrx_word' id='word_1_198' title='bbox 498 3287 733 3368; x_wconf 85' lang='lat' dir='ltr'><strong><em>distrahantur,</em></strong></span> <span class='ocrx_word' id='word_1_199' title='bbox 748 3289 922 3371; x_wconf 87' lang='lat' dir='ltr'><strong><em>pertineat,</em></strong></span> <span class='ocrx_word' id='word_1_200' title='bbox 940 3288 997 3353; x_wconf 85' lang='lat' dir='ltr'><strong><em>sed</em></strong></span> <span class='ocrx_word' id='word_1_201' title='bbox 1010 3287 1053 3353; x_wconf 91' lang='lat' dir='ltr'><strong><em>ad</em></strong></span> <span class='ocrx_word' id='word_1_202' title='bbox 1066 3288 1178 3367; x_wconf 79' lang='lat' dir='ltr'><strong><em>omniu,</em></strong></span> <span class='ocrx_word' id='word_1_203' title='bbox 1201 3308 1339 3370; x_wconf 88' lang='lat' dir='ltr'><strong><em>quornm</em></strong></span> <span class='ocrx_word' id='word_1_204' title='bbox 1351 3310 1426 3354; x_wconf 89' lang='lat' dir='ltr'><strong><em>can-</em></strong></span> 
     </span>
     <span class='ocr_line' id='line_1_27' title="bbox 290 3398 1427 3483; baseline 0 -18"><span class='ocrx_word' id='word_1_205' title='bbox 290 3400 413 3465; x_wconf 87' lang='lat' dir='ltr'><strong><em>iuuctio</em></strong></span> <span class='ocrx_word' id='word_1_206' title='bbox 426 3400 525 3464; x_wconf 87' lang='lat' dir='ltr'><strong><em>etiam</em></strong></span> <span class='ocrx_word' id='word_1_207' title='bbox 537 3399 718 3465; x_wconf 88' lang='lat' dir='ltr'><strong><em>animorum</em></strong></span> <span class='ocrx_word' id='word_1_208' title='bbox 726 3398 832 3464; x_wconf 84' lang='lat' dir='ltr'><strong><em>vinclo</em></strong></span> <span class='ocrx_word' id='word_1_209' title='bbox 845 3399 991 3479; x_wconf 85' lang='lat' dir='ltr'><strong><em>astricta,</em></strong></span> <span class='ocrx_word' id='word_1_210' title='bbox 1009 3420 1144 3483; x_wconf 84' lang='lat' dir='ltr'><strong><em>prorsus</em></strong></span> <span class='ocrx_word' id='word_1_211' title='bbox 1151 3398 1288 3465; x_wconf 89' lang='lat' dir='ltr'><strong><em>tollatur</em></strong></span> <span class='ocrx_word' id='word_1_212' title='bbox 1297 3405 1330 3465; x_wconf 90' lang='lat' dir='ltr'><strong><em>et</em></strong></span> <span class='ocrx_word' id='word_1_213' title='bbox 1337 3401 1372 3465; x_wconf 92' lang='lat' dir='ltr'><strong><em>in</em></strong></span> <span class='ocrx_word' id='word_1_214' title='bbox 1378 3401 1427 3465; x_wconf 90' lang='lat' dir='ltr'><strong><em>in-</em></strong></span> 
     </span>
     <span class='ocr_line' id='line_1_28' title="bbox 287 3508 1427 3595; baseline 0 -20"><span class='ocrx_word' id='word_1_215' title='bbox 287 3511 441 3577; x_wconf 83' lang='lat' dir='ltr'><strong><em>imicitiae</em></strong></span> <span class='ocrx_word' id='word_1_216' title='bbox 457 3515 674 3576; x_wconf 72' lang='lat' dir='ltr'><strong><em>convertatur.</em></strong></span> <span class='ocrx_word' id='word_1_217' title='bbox 706 3510 858 3594; x_wconf 82' lang='lat' dir='ltr'><strong><em>Legimus</em></strong></span> <span class='ocrx_word' id='word_1_218' title='bbox 871 3508 1065 3576; x_wconf 87' lang='lat' dir='ltr'><strong><em>vocabulum</em></strong></span> <span class='ocrx_word' id='word_1_219' title='bbox 1079 3510 1167 3594; x_wconf 87' lang='lat' dir='ltr'><strong><em>apud</em></strong></span> <span class='ocrx_word' id='word_1_220' title='bbox 1183 3510 1288 3577; x_wconf 88' lang='lat' dir='ltr'><strong><em>Plant.</em></strong></span> <span class='ocrx_word' id='word_1_221' title='bbox 1300 3512 1367 3577; x_wconf 91' lang='lat' dir='ltr'><strong><em>Mil.</em></strong></span> <span class='ocrx_word' id='word_1_222' title='bbox 1385 3512 1427 3595; x_wconf 80' lang='lat' dir='ltr'><strong><em>gl.</em></strong></span> 
     </span>
     <span class='ocr_line' id='line_1_29' title="bbox 288 3627 1427 3703; baseline -0.002 -14"><span class='ocrx_word' id='word_1_223' title='bbox 288 3628 367 3690; x_wconf 79' lang='lat'>651:</span> <span class='ocrx_word' id='word_1_224' title='bbox 389 3628 493 3703; x_wconf 76' lang='lat' dir='ltr'><strong><em>Neque</em></strong></span> <span class='ocrx_word' id='word_1_225' title='bbox 503 3642 567 3701; x_wconf 81' lang='lat' dir='ltr'><strong><em>per</em></strong></span> <span class='ocrx_word' id='word_1_226' title='bbox 578 3627 680 3688; x_wconf 86' lang='lat' dir='ltr'><strong><em>uiuum</em></strong></span> <span class='ocrx_word' id='word_1_227' title='bbox 693 3643 827 3701; x_wconf 82' lang='lat' dir='ltr'><strong><em>umquam</em></strong></span> <span class='ocrx_word' id='word_1_228' title='bbox 843 3643 883 3687; x_wconf 74' lang='lat' dir='ltr'><strong><em>ecc</em></strong></span> <span class='ocrx_word' id='word_1_229' title='bbox 900 3642 947 3687; x_wconf 90' lang='lat' dir='ltr'><strong><em>me</em></strong></span> <span class='ocrx_word' id='word_1_230' title='bbox 961 3627 1102 3687; x_wconf 81' lang='lat' dir='ltr'><strong><em>exoritur</em></strong></span> <span class='ocrx_word' id='word_1_231' title='bbox 1116 3627 1278 3688; x_wconf 85' lang='lat' dir='ltr'><strong><em>discidium</em></strong></span> <span class='ocrx_word' id='word_1_232' title='bbox 1287 3628 1319 3687; x_wconf 85' lang='lat' dir='ltr'><strong><em>iri</em></strong></span> <span class='ocrx_word' id='word_1_233' title='bbox 1328 3628 1427 3687; x_wconf 74' lang='lat' dir='ltr'><strong><em>camai</em></strong></span> 
     </span>
     <span class='ocr_line' id='line_1_30' title="bbox 289 3732 1428 3814; baseline -0.001 -15"><span class='ocrx_word' id='word_1_234' title='bbox 289 3741 354 3813; x_wconf 68' lang='lat' dir='ltr'><strong><em>aia·</em></strong></span> <span class='ocrx_word' id='word_1_235' title='bbox 373 3732 489 3799; x_wconf 84' lang='lat' dir='ltr'><strong><em>Pseud.</em></strong></span> <span class='ocrx_word' id='word_1_236' title='bbox 513 3739 571 3799; x_wconf 84' lang='lat'><strong><em>70:</em></strong></span> <span class='ocrx_word' id='word_1_237' title='bbox 601 3737 719 3799; x_wconf 89' lang='lat' dir='ltr'><strong><em>Harum</em></strong></span> <span class='ocrx_word' id='word_1_238' title='bbox 740 3739 813 3799; x_wconf 79' lang='lat' dir='ltr'><strong><em>midi</em></strong></span> <span class='ocrx_word' id='word_1_239' title='bbox 838 3739 1024 3814; x_wconf 80' lang='lat' dir='ltr'><strong><em>voluptatum</em></strong></span> <span class='ocrx_word' id='word_1_240' title='bbox 1052 3738 1182 3798; x_wconf 83' lang='lat' dir='ltr'><strong><em>omnium</em></strong></span> <span class='ocrx_word' id='word_1_241' title='bbox 1210 3744 1302 3813; x_wconf 81' lang='lat' dir='ltr'><strong><em>utque</em></strong></span> <span class='ocrx_word' id='word_1_242' title='bbox 1325 3739 1428 3799; x_wconf 81' lang='lat' dir='ltr'><strong><em>itidem</em></strong></span> 
     </span>
     <span class='ocr_line' id='line_1_31' title="bbox 292 3845 1428 3923; baseline -0.001 -14"><span class='ocrx_word' id='word_1_243' title='bbox 292 3850 345 3911; x_wconf 79' lang='lat' dir='ltr'><strong><em>tibi</em></strong></span> <span class='ocrx_word' id='word_1_244' title='bbox 372 3850 551 3922; x_wconf 76' lang='lat' dir='ltr'><strong><em>distractio,</em></strong></span> <span class='ocrx_word' id='word_1_245' title='bbox 596 3850 767 3923; x_wconf 89' lang='lat' dir='ltr'><strong><em>discidium,</em></strong></span> <span class='ocrx_word' id='word_1_246' title='bbox 798 3851 936 3912; x_wconf 79' lang='lat' dir='ltr'><strong><em>rasdues</em></strong></span> <span class='ocrx_word' id='word_1_247' title='bbox 977 3851 1075 3922; x_wconf 75' lang='lat' dir='ltr'><strong><em>uenit,</em></strong></span> <span class='ocrx_word' id='word_1_248' title='bbox 1118 3845 1189 3911; x_wconf 88' lang='lat' dir='ltr'><strong><em>Ter.</em></strong></span> <span class='ocrx_word' id='word_1_249' title='bbox 1220 3845 1318 3911; x_wconf 84' lang='lat' dir='ltr'><strong><em>Andr.</em></strong></span> <span class='ocrx_word' id='word_1_250' title='bbox 1349 3850 1410 3911; x_wconf 81' lang='lat'><strong><em>697</em></strong></span> <span class='ocrx_word' id='word_1_251' title='bbox 1420 3869 1428 3908; x_wconf 76' lang='grc' dir='ltr'>ι</span> 
     </span>
     <span class='ocr_line' id='line_1_32' title="bbox 289 3961 1429 4038; baseline -0.001 -17"><span class='ocrx_word' id='word_1_252' title='bbox 289 3961 378 4023; x_wconf 84' lang='lat' dir='ltr'><strong><em>Hauc</em></strong></span> <span class='ocrx_word' id='word_1_253' title='bbox 406 3962 479 4022; x_wconf 79' lang='lat' dir='ltr'><strong><em>midi</em></strong></span> <span class='ocrx_word' id='word_1_254' title='bbox 509 3961 652 4036; x_wconf 81' lang='lat' dir='ltr'><strong><em>expetivi,</em></strong></span> <span class='ocrx_word' id='word_1_255' title='bbox 685 3962 829 4038; x_wconf 75' lang='lat' dir='ltr'><strong><em>cautiait:</em></strong></span> <span class='ocrx_word' id='word_1_256' title='bbox 860 3962 1043 4022; x_wconf 81' lang='lat' dir='ltr'><strong><em>conveniunt</em></strong></span> <span class='ocrx_word' id='word_1_257' title='bbox 1069 3977 1187 4022; x_wconf 86' lang='lat' dir='ltr'><strong><em>mores:</em></strong></span> <span class='ocrx_word' id='word_1_258' title='bbox 1217 3963 1340 4022; x_wconf 86' lang='lat' dir='ltr'><strong><em>ualeam</em></strong></span> <span class='ocrx_word' id='word_1_259' title='bbox 1370 3963 1429 4034; x_wconf 79' lang='lat' dir='ltr'><strong><em>Qui</em></strong></span> 
     </span>
     <span class='ocr_line' id='line_1_33' title="bbox 287 4067 1430 4149; baseline -0.001 -16"><span class='ocrx_word' id='word_1_260' title='bbox 287 4075 372 4134; x_wconf 82' lang='lat' dir='ltr'><strong><em>iuter</em></strong></span> <span class='ocrx_word' id='word_1_261' title='bbox 402 4089 458 4133; x_wconf 85' lang='lat' dir='ltr'><strong><em>aas</em></strong></span> <span class='ocrx_word' id='word_1_262' title='bbox 484 4073 646 4134; x_wconf 89' lang='lat' dir='ltr'><strong><em>discidium</em></strong></span> <span class='ocrx_word' id='word_1_263' title='bbox 676 4074 797 4144; x_wconf 83' lang='lat' dir='ltr'><strong><em>caiuut;</em></strong></span> <span class='ocrx_word' id='word_1_264' title='bbox 825 4067 904 4134; x_wconf 90' lang='lat' dir='ltr'><strong><em>Hec.</em></strong></span> <span class='ocrx_word' id='word_1_265' title='bbox 928 4073 1007 4134; x_wconf 80' lang='lat'><strong>476:</strong></span> <span class='ocrx_word' id='word_1_266' title='bbox 1037 4089 1137 4149; x_wconf 79' lang='lat' dir='ltr'><strong><em>aeque</em></strong></span> <span class='ocrx_word' id='word_1_267' title='bbox 1158 4089 1226 4133; x_wconf 90' lang='lat' dir='ltr'><strong><em>mea</em></strong></span> <span class='ocrx_word' id='word_1_268' title='bbox 1256 4075 1349 4147; x_wconf 68' lang='lat' dir='ltr'><strong><em>cuma</em></strong></span> <span class='ocrx_word' id='word_1_269' title='bbox 1373 4074 1430 4133; x_wconf 82' lang='lat' dir='ltr'><strong><em>bac</em></strong></span> 
     </span>
    </p>
   </div>
   <div class='ocr_carea' id='block_1_5' title="bbox 358 4289 818 4359">
    <p class='ocr_par' dir='ltr' id='par_1_5' title="bbox 358 4289 818 4359">
     <span class='ocr_line' id='line_1_34' title="bbox 358 4289 818 4359; baseline -0.002 -14"><span class='ocrx_word' id='word_1_270' title='bbox 358 4292 401 4359; x_wconf 82' lang='lat' dir='ltr'><strong><em>ee)</em></strong></span> <span class='ocrx_word' id='word_1_271' title='bbox 420 4289 475 4343; x_wconf 80' lang='lat' dir='ltr'><strong><em>cn.</em></strong></span> <span class='ocrx_word' id='word_1_272' title='bbox 493 4291 518 4345; x_wconf 85' lang='lat' dir='ltr'><strong><em>a.</em></strong></span> <span class='ocrx_word' id='word_1_273' title='bbox 538 4290 583 4344; x_wconf 82' lang='lat' dir='ltr'><strong><em>fin.</em></strong></span> <span class='ocrx_word' id='word_1_274' title='bbox 617 4290 685 4344; x_wconf 77' lang='lat' dir='ltr'><strong><em>uxo.</em></strong></span> <span class='ocrx_word' id='word_1_275' title='bbox 706 4290 742 4358; x_wconf 89' lang='lat' dir='ltr'><strong><em>n,</em></strong></span> <span class='ocrx_word' id='word_1_276' title='bbox 761 4290 818 4344; x_wconf 81' lang='lat' dir='ltr'><strong><em>em.</em></strong></span> 
     </span>
    </p>
   </div>
   <div class='ocr_carea' id='block_1_6' title="bbox 0 0 1670 4950">
    <p class='ocr_par' dir='ltr' id='par_1_6' title="bbox 0 0 1670 4950">
     <span class='ocr_line' id='line_1_35' title="bbox 0 0 1670 4950; baseline 0 0"><span class='ocrx_word' id='word_1_277' title='bbox 0 0 1670 4950; x_wconf 95' lang='lat' dir='ltr'><strong><em> </em></strong></span> 
     </span>
    </p>
   </div>
  </div>
 </body>
</html>
