3317 4950
7 591 27 668 b

721 448 935 508 ,23-

255 625 350 692 poeto
378 637 434 695 eqo
465 621 605 680 divorsus
636 575 809 694 distrobor3
839 615 915 680 cist.
947 614 978 680 II
1009 620 1036 695 1,
1068 622 1104 680 5:
1135 620 1313 691 Exanimes,
1345 623 1394 696 fe-

260 749 325 802 ror,
353 731 493 808 differor,
524 733 692 805 distrahor,
723 731 875 806 divinior:
904 733 949 792 ita
979 731 1112 792 nubilam
1143 737 1269 791 mentem
1296 732 1397 791 Animi

260 843 366 904 babeo.
390 844 442 904 ubi
464 861 539 916 sun,
563 843 605 904 ibi
627 860 688 902 non
710 861 792 924 surn,
812 842 865 903 ubi
887 859 948 902 non
969 860 1045 915 sunt,
1070 842 1112 903 ibi
1135 849 1180 902 est
1201 843 1329 903 aumas.
1354 876 1395 886 -

262 956 430 1018 distractio.
461 949 566 1015 Pleut.
592 949 708 1014 Pseud.
732 955 791 1016 7οι
821 954 939 1014 Harum
960 955 1033 1014 inibi
1052 956 1238 1029 voluptatum
1266 957 1396 1016 omniurn

261 1073 353 1142 atque
382 1067 485 1127 itidem
508 1067 561 1128 tibi
582 1066 760 1138 distractio,
793 1067 965 1138 discidium,
996 1066 1130 1126 vastities
1156 1067 1246 1126 venit.
1271 1100 1312 1108 -
1335 1068 1395 1128 dis·

261 1179 406 1254 tribuere,
430 1173 565 1238 diversis
588 1172 772 1238 hominibus
795 1172 846 1238 vel
868 1173 1003 1238 diversis
1023 1172 1128 1238 modis
1146 1172 1300 1238 tribuere.
1324 1174 1395 1238 Ter.

260 1285 397 1369 Adelph.
429 1290 507 1350 371:
540 1290 633 1350 Dedit
655 1294 827 1364 praeterea
852 1290 884 1348 in
913 1296 1062 1364 sumptam
1092 1289 1248 1349 dimidium
1276 1290 1395 1350 minoe:

259 1403 300 1463 Iol
325 1402 519 1463 distributum
548 1418 625 1462 sane
647 1407 693 1461 est
714 1418 754 1461 ex
775 1401 937 1462 sententia.
959 1400 1045 1462 Hem.
1067 1433 1111 1444 -
1133 1402 1340 1473 distruneare,
1361 1397 1395 1460 in

260 1515 374 1594 partes
393 1508 564 1573 dissecare.
584 1508 689 1572 Pleni.
707 1508 800 1573 True.
824 1513 905 1572 614:
932 1512 1037 1588 Tanqe
1058 1514 1163 1572 nudo:
1185 1512 1246 1572 iam
1268 1512 1319 1572 bie
1339 1530 1395 1588 eqo

260 1629 313 1687 ted
334 1641 447 1700 uqnnrn
472 1625 591 1700 facian
613 1629 643 1683 et
669 1625 799 1685 nediurn
822 1623 1029 1685 distrunenbo.
1055 1654 1098 1666 -
1121 1623 1308 1697 disturbare,
1331 1617 1395 1686 dis-

263 1732 359 1812 icere,
389 1735 543 1796 evertere.
588 1729 692 1795 Plani.
714 1730 831 1796 Pseud.
854 1728 931 1796 550:
967 1736 1005 1794 At
1036 1752 1119 1795 nune
1141 1734 1290 1807 disturba,
1319 1753 1397 1811 quas

260 1849 404 1920 statuisti,
437 1847 604 1908 rnaobinas.
649 1840 820 1906 Translate
844 1846 984 1908 disturba
1005 1846 1196 1926 usurpatum
1225 1841 1395 1924 signifieat,

261 1953 396 2019 consilia
425 1953 633 2019 fraudulente
663 1953 801 2018 abicere.
847 1953 919 2018 Ter.
941 1953 1040 2018 Andr.
1070 1959 1147 2020 182:
1187 1958 1223 2018 llt
1252 1975 1290 2017 ne
1317 1964 1396 2018 esset

260 2073 392 2146 spatians
414 2071 573 2146 eoqitondi
594 2073 638 2131 od
660 2070 880 2131 disturbandas
893 2071 1029 2146 nuptias,
1048 2065 1106 2130 ubi
1126 2065 1212 2130 idem
1225 2064 1395 2130 valeiver-

261 2178 337 2243 bum
349 2183 448 2259 etque
465 2177 632 2260 impedire,
647 2176 829 2261 prohibere.
842 2214 883 2225 -
900 2181 1086 2272 divaricare,
1103 2176 1137 2241 in
1148 2175 1233 2241 hane
1244 2177 1296 2241 vel
1305 2176 1394 2241 illem

260 2294 387 2372 partem
418 2288 611 2354 distendere.
656 2288 767 2355 Oeten.
799 2287 828 2352 d.
859 2310 885 2353 r.
912 2310 937 2352 r.
961 2288 1095 2368 XXXII,
1118 2309 1151 2352 e:
1182 2293 1316 2354 Arbores
1338 2294 1396 2352 boo

260 2408 346 2466 nodo
363 2411 524 2480 putentur,
547 2405 626 2465 narni
645 2409 680 2464 ut
702 2405 922 2477 divaricentur,
947 2422 1022 2480 qvos
1042 2404 1198 2480 relinques
1211 2410 1241 2463 et
1254 2400 1396 2464 utiveete

259 2520 431 2579 caedantur
453 2523 483 2577 et
505 2535 543 2577 ne
564 2518 687 2577 ninnium
709 2516 812 2577 erebri
827 2518 1054 2592 relinquantur.
1078 2516 1269 2588 dictumest,
1289 2512 1396 2594 inquit

259 2624 392 2703 Nonius,
416 2629 453 2689 ab
477 2629 534 2702 bis,
557 2629 609 2704 qui
630 2628 702 2688 vitio
724 2634 858 2689 naturae
879 2628 923 2688 ita
943 2633 1015 2687 sunt
1029 2628 1162 2703 pedibus
1186 2628 1339 2699 diseretis,
1362 2634 1396 2687 ut

262 2757 313 2800 eos
335 2742 367 2800 in
391 2741 543 2801 diversum
564 2739 698 2801 babeant
719 2736 914 2818 separatos);
943 2735 1039 2815 XLV,
1061 2740 1096 2799 3:
1127 2740 1161 2798 Si
1182 2740 1215 2799 in
1237 2738 1395 2800 scrobibus

261 2857 314 2911 out
343 2853 375 2911 in
405 2852 499 2911 sulcis
527 2868 623 2923 seres,
658 2857 764 2911 ternas
794 2852 892 2911 taleas
913 2852 1032 2925 ponito,
1061 2867 1175 2926 easque
1206 2851 1395 2922 divaricato;

259 2958 293 3023 id
326 2963 377 3023 est
405 2958 439 3022 in
468 2958 631 3022 diversum
655 2957 795 3040 dirigito.
818 2994 862 3006 —
884 2962 1043 3036 divexare,
1071 2957 1135 3021 hue
1164 2956 1242 3022 illue
1266 2978 1394 3037 vexare,
1443 3000 1445 3004 .

260 3070 392 3149 vehere,
436 3069 525 3134 varie
559 3090 677 3133 vexere
723 3089 895 3152 personam
932 3069 983 3133 vel
1025 3090 1103 3133 rem.
1163 3070 1280 3134 Peauv.
1318 3073 1393 3135 201:

260 3187 326 3245 Neu
350 3186 497 3260 reliquias
521 3201 634 3260 quaeso
649 3185 726 3246 ntios
746 3184 844 3244 sereis
865 3186 1029 3245 denudatis
1045 3185 1172 3258 ossibus,
1195 3171 1259 3245 Per
1279 3191 1394 3245 terram

259 3298 348 3356 sanie
377 3296 527 3357 delibutos
551 3299 646 3371 foede
674 3296 871 3369 divexarier;
904 3292 1009 3358 Plaut.
1041 3293 1129 3358 Pers.
1160 3299 1235 3359 78οι
1268 3298 1319 3358 Ita
1348 3314 1395 3356 nve

264 3408 388 3467 Toxilus
412 3407 641 3483 perfabrieovit
659 3408 764 3482 itaque
785 3425 881 3468 ineam
909 3424 974 3467 rent
994 3409 1157 3469 divenooit.
1182 3442 1222 3452 -
1246 3409 1393 3469 dividere.

260 3514 394 3579 verbum
412 3519 461 3578 est
484 3515 731 3598 compositumne
753 3520 785 3579 di
807 3520 841 3579 et
863 3520 922 3581 vid.
946 3515 1082 3600 Proprie
1103 3515 1190 3580 idem
1212 3521 1263 3581 est
1283 3535 1323 3579 ae
1345 3514 1393 3578 di-

260 3647 371 3690 versas
400 3626 434 3689 in
461 3630 573 3709 partes
600 3646 721 3704 secere,
748 3625 875 3709 partiri.
918 3626 1024 3691 Plane.
1055 3626 1154 3690 Stich.
1186 3632 1263 3695 701:
1294 3630 1394 3703 Atque

210 3765 211 3768 ¹
260 3744 348 3813 adeo,
378 3749 413 3801 ut
434 3747 467 3801 tu
488 3742 570 3801 seire
595 3742 709 3815 possis,
736 3747 833 3817 poeto
856 3758 912 3816 eqo
934 3746 1031 3801 terum
1052 3743 1110 3802 boe
1131 3743 1250 3815 divido;
1280 3737 1393 3801 eodem

261 3870 357 3913 sensu
377 3853 556 3931 usurpatur
577 3852 709 3913 dividant
722 3846 826 3913 Plane.
845 3847 917 3912 Aul.
941 3853 1002 3913 767
1012 3872 1019 3912 :
1043 3854 1182 3914 dividant
1193 3849 1290 3915 Poen.
1314 3854 1394 3930 775;

262 3965 363 4025 divide
377 3958 459 4024 Rud.
485 3965 583 4042 10113
607 3964 761 4025 dividetur
774 3958 841 4023 Mil.
856 3958 896 4042 gl.
911 3964 989 4040 8663
1013 3965 1152 4025 dividere
1167 3960 1282 4044 Amph.
1301 3965 1393 4039 1125,

261 4077 359 4137 divisa
381 4071 452 4136 Ter.
475 4071 574 4136 Andr.
598 4077 676 4151 4763
706 4076 835 4136 divisam
856 4070 1010 4155 Pompon.
1044 4076 1120 4153 1363
1151 4077 1284 4137 dividant
1314 4076 1393 4152 1803

262 4187 379 4247 dividat
398 4182 510 4248 Oeten.
534 4181 564 4247 d.
595 4204 620 4247 r.
651 4204 677 4247 r.
705 4181 884 4263 CXXXV13
908 4182 1002 4263 XIX,
1033 4182 1154 4247 XXIX:
1185 4187 1330 4259 dividito,·
1359 4182 1393 4246 in

259 4292 331 4376 lege
360 4295 489 4377 agreria
511 4294 651 4377 (0.1.1..
673 4295 698 4375 1,
721 4299 794 4374 200,
819 4294 852 4379 6)
876 4299 1084 4370 divideretnr;
1112 4293 1146 4357 in
1173 4291 1245 4376 lege
1267 4292 1393 4358 Rubria
