3317 4950
688 402 815 508 -.1'⁷'
862 451 900 472 .,

228 619 400 676 espassum,
433 619 491 667 noa
516 619 694 676 expansum.
745 601 895 661 Caecilius
916 603 947 660 in
967 601 1172 676 Synaristosis
1194 592 1244 677 (R.
1271 586 1360 677 l9i)t

227 715 296 773 lieri
318 730 390 772 nero
404 728 409 738 ·
425 715 625 788 prospexisse
660 730 726 772 eum
755 730 789 772 se
814 730 854 771 ea
888 713 1008 787 tepolis,
1034 711 1119 770 Haeo
1146 713 1305 770 rnontiasse
1334 717 1363 770 et

223 827 392 900 flammeum
418 841 582 899 oppassum
613 825 701 884 domi.
750 824 863 897 capillo
890 840 1009 897 quoque
1042 839 1109 882 esse
1130 823 1239 882 mulier
1265 839 1362 896 passo

228 938 342 996 dieitur
365 937 464 1010 ‘quasi
488 942 635 1010 porrecto
659 942 688 994 et
716 936 864 1008 expanso'
892 940 921 993 et
946 935 1051 1008 passis
1072 934 1210 994 manilius
1233 940 1262 992 et
1290 935 1363 993 nelis

224 1049 328 1121 passis
351 1049 488 1118 dicimus,
514 1049 596 1121 quod
616 1048 769 1123 sipnitieat
791 1047 925 1106 diductis
947 1052 1039 1119 atque
1062 1045 1210 1105 distentis.
1255 1045 1364 1118 Itaque

229 1161 355 1219 Plautus
385 1159 416 1216 in
441 1159 504 1218 Mil.
526 1161 567 1232 pl.
593 1155 682 1237 (359)
712 1175 731 1217 a
756 1159 859 1217 littera
886 1159 918 1215 in
942 1174 959 1215 e
980 1163 1095 1216 mutata
1118 1173 1182 1230 per
1209 1157 1365 1230 compositi

230 1271 368 1331 vocabuli
405 1285 517 1328 morem
555 1270 701 1343 dispessis
732 1266 806 1328 dicit
840 1285 901 1342 pro
932 1285 977 1340 eo,
1012 1269 1095 1342 qaod
1123 1275 1169 1326 est
1199 1268 1365 1343 dispassis:

237 1381 334 1441 Credo
364 1397 420 1455 epo
450 1381 527 1439 istos
557 1383 694 1454 exempto
724 1380 777 1440 tili
806 1397 873 1439 esse
908 1380 1099 1453 pereundam
1128 1385 1219 1439 entra
1244 1386 1366 1453 portam

232 1492 384 1567 dispessis
413 1493 551 1551 inanibus
579 1492 747 1564 patibulum
777 1509 864 1565 auom
893 1490 1027 1551 lrateliis.
1076 1491 1241 1563 Quamnam
1267 1491 1302 1550 id
1330 1489 1366 1550 ol

228 1606 313 1663 rem?
341 1599 474 1661 Codices
495 1599 602 1660 varias
625 1599 804 1681 scripturas
832 1598 1007 1681 praebent:
1036 1598 1064 1660 A
1087 1602 1248 1675 dimensis,
1272 1597 1364 1661 BGD

229 1715 392 1788 dispersis.
418 1729 496 1772 sane
512 1716 562 1772 ost
572 1709 743 1790 legendum
757 1715 913 1787 dispessis,
937 1729 1021 1791 qnae
1035 1708 1139 1772 forma
1151 1714 1201 1772 est
1221 1729 1281 1791 pro
1305 1715 1365 1772 dis·

222 1827 338 1900 passis,
369 1821 450 1884 hneo
472 1841 531 1902 pro
564 1826 728 1910 dispansis.
776 1825 931 1898 dispessis
962 1821 1060 1884 etiarn
1092 1820 1191 1884 editio
1214 1821 1366 1903 princeps
1439 1800 1443 1805 ⁴

229 1932 373 2015 praehet.
419 1931 535 1996 Paouv.
569 1938 606 1996 19
636 1932 790 2013 legimus:
882 1937 1032 1994 eeroioum
1055 1935 1164 1995 Floras
1195 1936 1368 2009 dispendite

230 2050 341 2108 crines.
393 2040 443 2107 Ita
467 2043 664 2107 Itibbeokius
695 2043 794 2106 verbo
821 2042 983 2122 restituit3
1014 2041 1145 2106 Servius
1175 2041 1276 2109 habet
1306 2048 1367 2105 dis·
1470 2049 1472 2052 ’

225 2160 359 2232 perdite.
406 2159 584 2233 Dispendite
607 2160 710 2218 crines
730 2153 865 2218 similem
890 2154 953 2217 vim
982 2151 1131 2236 praebet,
1161 2173 1257 2235 quam
1280 2154 1367 2236 apud

232 2266 428 2347 posteriores
451 2267 627 2349 scriptores
648 2265 749 2330 verbo
770 2266 958 2348 saepissime
981 2264 1120 2328 usitata:
1147 2268 1250 2327 crines
1267 2271 1366 2343 passi.

231 2376 303 2439 ntia
325 2376 430 2441 forma
453 2383 660 2455 dispandendi
682 2377 771 2441 verbi
796 2383 981 2455 dispennere
1013 2396 1084 2440 esse
1107 2375 1244 2454 videtur,
1269 2397 1366 2458 quom

230 2487 367 2552 formam
380 2488 502 2553 Nonius
513 2512 544 2572 p.
566 2495 594 2553 9.
611 2494 769 2553 testatur:
798 2494 992 2567 Dispennere
1074 2498 1205 2551 tractum
1218 2510 1238 2551 a
1253 2494 1369 2566 pennis

232 2610 260 2661 et
283 2606 384 2664 oalatu
414 2606 523 2665 auium.
569 2601 700 2664 lte-otius
729 2600 807 2664 mihi
831 2601 853 2664 ii
881 2599 996 2664 fecisse
1024 2598 1185 2679 videntur,
1215 2600 1271 2681 qui
1302 2600 1367 2663 dio-

231 2716 299 2772 tum
322 2716 440 2793 putant
456 2710 588 2776 verbum
602 2732 661 2794 pro
677 2718 872 2789 dispendere,
897 2711 1042 2775 dlittera
1064 2711 1097 2773 in
1118 2710 1368 2793 praecedentem

231 2820 374 2884 litteram
405 2822 549 2885 nasalem
583 2828 722 2899 mutato,
753 2828 844 2886 ndis
871 2828 905 2885 et
932 2828 1050 2900 pando.
1095 2821 1198 2886 Plaut.
1230 2822 1296 2887 Mil.
1328 2823 1368 2904 gl.

236 2935 333 2995 1407:
369 2936 423 2995 ilbi
450 2936 539 2997 lutet.
578 2938 749 3011 dispennite
780 2938 928 2996 learninem
958 2937 1111 2996 divorsum
1140 2944 1169 2995 et
1195 2938 1367 2998 disteanite.

234 3042 402 3107 Hominem
426 3048 612 3121 dispendere
633 3043 720 3107 idem
748 3043 817 3107 fere
839 3064 910 3107 esee
933 3043 1061 3107 videtur
1089 3049 1188 3125 atque
1218 3046 1370 3127 expansis

233 3154 393 3219 bracchiis
404 3154 566 3218 hominem
589 3154 735 3237 alligare,
754 3161 792 3219 ut
814 3176 849 3219 se
872 3175 1001 3219 movere
1023 3154 1163 3236 emplius
1177 3176 1240 3219 non
1258 3157 1369 3239 possit.

296 3270 497 3343 dispendium,
521 3286 542 3329 a
562 3266 749 3349 pendend03
773 3266 907 3331 verbum
924 3271 1129 3345 disperdendi
1151 3273 1201 3331 est
1214 3267 1278 3331 hue
1293 3267 1370 3331 illue

234 3376 376 3457 pondere
389 3381 488 3457 etque
504 3377 694 3459 ponderare.
730 3382 923 3456 dispendium
940 3383 1020 3453 ideo,
1042 3378 1148 3460 inquit
1158 3378 1271 3457 Varro,
1290 3385 1373 3456 pana

232 3492 264 3549 in
288 3491 498 3564 disperdendo
519 3494 595 3551 solet
623 3494 723 3553 minus
741 3494 821 3565 pert.
868 3488 1019 3571 Legimus
1048 3489 1240 3553 vocabulum
1264 3489 1369 3555 Plaut.

234 3597 331 3661 Mero.
366 3597 448 3661 Prot.
482 3603 538 3664 30:
581 3604 728 3663 Inhaeret
761 3604 903 3674 ariditas,
945 3604 1076 3675 desidia,
1111 3604 1229 3664 iniuria
1260 3605 1370 3678 Inopia

233 3714 414 3773 contumelia
452 3720 481 3772 et
519 3714 720 3789 dispendium.
772 3710 896 3775 Eadem
932 3712 962 3774 vi
991 3710 1075 3775 Prol.
1111 3716 1169 3776 51:
1199 3717 1369 3790 dispendio,

235 3818 318 3883 Men.
348 3825 431 3884 485:
462 3826 643 3899 dispendio;
679 3822 750 3885 Ter.
781 3822 861 3885 Eun.
889 3827 969 3887 929:
1000 3827 1069 3886 sine
1092 3828 1262 3900 dispendio,
1292 3823 1370 3887 Heo.

235 3936 312 3996 795:
349 3936 519 4009 dispendio.
565 3932 656 3996 Adde
688 3932 766 3998 Enn.
798 3934 913 3999 Annei.
946 3939 993 3998 14.
1025 3970 1069 3982 -
1096 3938 1279 4011 dispensare
1306 3955 1370 3999 uno

235 4041 307 4106 loeo
330 4043 458 4124 legitur.
503 4042 610 4107 Plout.
632 4043 750 4111 Baooh.
775 4050 854 4109 972:
879 4049 967 4110 duno
990 4050 1098 4109 alteris
1122 4051 1211 4109 etiarn
1232 4051 1371 4109 ducentis

238 4174 311 4217 usus
331 4164 385 4229 est,
409 4164 499 4233 copto
524 4159 584 4217 Ilio
632 4160 690 4232 Qui
713 4160 940 4233 dispensentur,
970 4166 1004 4220 ut
1026 4161 1066 4220 sit
1091 4164 1218 4221 mulsam
1241 4162 1293 4234 qui
1316 4162 1371 4219 tri-

235 4270 378 4341 amplient
395 4271 511 4329 milites.
548 4266 572 4329 N
578 4272 664 4331 otum
685 4273 742 4344 ost,
765 4267 980 4349 imperatores
994 4269 1155 4331 Romanos
1169 4267 1370 4349 triumphan—

1148 4373 1164 4420 2
