3317 4950
776 492 818 502 -
863 440 903 518 32'
948 491 988 501 ..

317 625 435 689 Iisdem
458 624 498 687 de
521 625 627 688 causis
650 625 748 688 etiem
766 625 908 688 Terentii
922 626 1002 690 Eun.
1021 631 1103 691 1087
1127 625 1232 690 forma
1256 634 1452 693 diridendum

318 739 464 818 quamA
495 735 596 800 habet
625 736 789 800 reicienda·
818 744 877 800 est.
907 773 949 783 -
979 744 1107 802 diluere.
1152 738 1267 802 Pseud.
1297 745 1376 805 816:
1407 746 1453 805 Eo

316 853 467 926 laserpici
495 851 604 912 librom
617 854 735 924 pondo
769 853 895 912 diluant.
940 850 1021 912 Cato
1050 848 1135 912 der.
1159 872 1184 913 r.
1208 850 1310 915 CXV:
1341 855 1451 916 Iasor-

194 1016 196 1020 ,
315 965 435 1038 peciam
453 969 539 1023 aceto
562 963 678 1023 diluite.
724 958 852 1023 CLVII:
874 965 902 1022 si
925 966 1090 1024 iterandam
1108 982 1168 1024 non
1181 967 1322 1040 recipiet,
1345 969 1452 1028 diluite

385 1071 521 1135 ibidem:
543 1075 644 1134 uinum
669 1076 803 1134 dilutum.
849 1070 895 1133 Pl.
912 1071 993 1135 Rud.
1019 1078 1118 1138 1108:
1140 1076 1260 1138 abstine
1282 1080 1452 1139 ntatediotls

317 1192 346 1245 et
367 1188 407 1246 mi
429 1188 511 1260 quod
531 1187 640 1262 reponi
662 1187 754 1246 dilue.
800 1181 911 1246 Geton.
938 1182 1053 1263 fragm.
1076 1183 1170 1248 Mem.
1193 1183 1269 1248 dict.
1293 1191 1351 1250 70:
1379 1192 1452 1250 orni-

316 1299 408 1358 citiae
429 1304 501 1358 sunt
522 1299 701 1357 remissione
719 1315 794 1356 usus
817 1299 991 1358 diluendae.
1038 1295 1084 1358 De
1106 1295 1158 1359 his
1177 1296 1268 1360 nulla
1299 1302 1349 1361 eet
1377 1317 1453 1360 eon-

315 1405 483 1470 troversia.
529 1405 608 1469 Caio
632 1404 661 1468 d.
692 1426 717 1468 r.
747 1427 773 1468 r.
797 1405 917 1468 LXIX:
948 1416 1060 1484 postea
1088 1427 1246 1472 amurcam
1271 1413 1393 1472 eximito
1423 1419 1452 1470 et

315 1522 458 1596 orsoeito‚
490 1521 543 1580 ulii
564 1521 672 1593 arebit,
703 1523 850 1580 tamenim
874 1522 982 1595 pridie
1003 1523 1035 1580 in
1057 1539 1169 1595 apuam
1189 1525 1354 1599 infundite,
1385 1539 1450 1580 eam

309 1634 465 1706 postridie
494 1633 610 1692 diluite.
656 1629 755 1692 Recte
787 1634 894 1694 diluite
917 1627 1050 1704 Keilius,
1081 1631 1229 1711 quemvis
1258 1631 1290 1692 in
1321 1630 1451 1712 optimis

313 1739 405 1803 libris
435 1740 478 1803 eit
507 1745 630 1805 detuito.
663 1777 706 1788 -
738 1745 918 1804 diminuere.
968 1739 1217 1824 Oudendorpius
1247 1741 1288 1804 ed
1320 1741 1449 1804 Sueten.

314 1853 463 1928 (iace-5:
488 1855 705 1926 ‘deminuitur'‚
727 1851 842 1933 inquit,
870 1856 915 1916 ‘ld
935 1857 1018 1929 qnod
1039 1856 1193 1915 decrescit
1212 1857 1276 1915 siue
1298 1857 1398 1914 minus
1416 1859 1452 1928 sit

315 1983 403 2041 qnam
419 1969 538 2041 fuerat,
560 1967 630 2025 ideo
653 1968 735 2040 quod
756 1967 822 2025 eius
840 1983 921 2039 pars
942 1966 1006 2025 siue
1022 1967 1109 2039 perit
1124 1967 1186 2024 siue
1205 1968 1361 2026 adimitur.
1402 1969 1451 2025 di-

313 2079 460 2136 minuitur
490 2078 525 2136 id
551 2079 634 2151 qnod
661 2079 870 2148 contunditur,
898 2078 1108 2152 eonfrinpitur
1136 2082 1166 2134 et
1191 2083 1369 2136 attenuatur
1398 2083 1453 2136 aut

314 2189 484 2262 dissipatur
513 2189 545 2246 in
576 2189 767 2249 miniatiores
794 2195 917 2263 partes,
953 2189 1033 2247 sicin
1060 2187 1149 2258 oona,
1186 2204 1259 2262 opes
1286 2188 1451 2262 uectipolia

309 2305 441 2372 possunt
464 2301 598 2360 deminui
619 2301 659 2358 iis
682 2301 734 2374 ani
757 2301 959 2371 detrahendo,
987 2300 1114 2358 diminui
1137 2299 1339 2372 dilapidando
1363 2300 1450 2357 dissi-

307 2393 416 2484 pando
438 2414 487 2470 oet
504 2411 729 2472 tiereiscnndo!
760 2407 865 2493 Pleutr
878 2407 973 2471 Most.
989 2412 1065 2470 266:
1086 2411 1181 2469 Nimis
1203 2411 1289 2469 uelim
1307 2411 1450 2484 lapidem,

314 2524 366 2596 qui
387 2540 443 2598 epo
465 2524 510 2583 itti
531 2527 655 2597 speculo
673 2525 838 2584 diminuam
860 2530 974 2597 caput;
996 2518 1078 2583 Men.
1102 2524 1181 2583 304:
1203 2538 1291 2596 quom
1307 2522 1386 2581 nituit
1406 2528 1452 2579 est

314 2635 366 2707 ont
396 2635 459 2693 illio
488 2636 602 2695 nomini
630 2636 796 2696 diminuam
816 2641 919 2709 caput.
964 2629 1035 2693 Ter.
1053 2608 1139 2693 Eun.
1167 2632 1247 2693 803:
1278 2632 1450 2691 Diminuam

313 2762 370 2820 epo
391 2745 444 2805 tibi
473 2752 567 2820 ceput
592 2747 691 2806 nodie.
737 2740 795 2805 Ad.
827 2746 906 2805 571:
934 2745 1127 2804 Diminuetur
1157 2742 1211 2803 tilii
1241 2743 1361 2817 quidem
1388 2745 1448 2801 iam

313 2857 480 2917 cerebrum.
533 2857 733 2916 dominantur
762 2852 854 2933 3103
886 2852 1054 2917 cerebrum
1089 2856 1223 2915 deminui
1251 2850 1305 2913 vix
1334 2850 1449 2933 potuit.

312 2962 434 3027 Contra
464 2969 640 3028 deminuere
672 2969 722 3028 est
758 2963 845 3047 apud
874 2962 1026 3027 Plautum
1058 2964 1128 3027 Aul.
1163 2968 1236 3027 165:
1277 2966 1365 3024 Nunc
1395 2982 1451 3040 epo

311 3080 404 3139 istum
432 3096 521 3139 soror
550 3080 683 3140 latiorem
715 3081 832 3140 demam
853 3086 883 3139 et
912 3080 1083 3139 deminuam
1103 3078 1167 3148 tibi,
1197 3072 1255 3137 ubi
1286 3064 1450 3136 diminuam

311 3185 331 3249 J
342 3184 393 3249 ΕΒ.
439 3185 532 3249 True.
555 3190 633 3251 561:
667 3192 742 3250 Nam
771 3192 913 3251 damnum
935 3191 993 3249 tiae
1021 3189 1125 3249 obsoni
1147 3190 1186 3249 de
1207 3189 1290 3246 mina
1312 3204 1377 3245 auo
1400 3188 1450 3246 de-

312 3300 407 3359 minui
436 3302 524 3360 modo
551 3297 612 3380 (ita
634 3296 837 3380 Schoellius).
865 3334 900 3363 -τ
926 3299 1094 3359 dimittere.
1140 3294 1230 3358 Beda
1261 3292 1316 3357 Gr.
1348 3293 1367 3356 l.
1392 3294 1451 3357 VII

313 3410 389 3471 269:
428 3412 580 3470 dimittere
612 3418 658 3471 est
687 3411 922 3485 derelinquam
961 3411 1119 3470 demittere
1150 3412 1291 3470 deorsum
1322 3410 1449 3468 mittere.

313 3518 417 3601 Caper
448 3518 502 3583 Gr.
531 3519 550 3581 l.
581 3518 640 3582 VH
675 3523 732 3582 27:
778 3522 899 3582 demitte
936 3527 983 3580 est
1019 3523 1162 3581 deorsum
1199 3523 1290 3581 mitte.
1337 3520 1452 3580 dimitte

312 3626 493 3710 ἀπόλυσον,
538 3634 667 3695 absolue.
721 3634 852 3694 dismitte
893 3650 953 3692 non
994 3634 1090 3693 dieas.
1148 3628 1219 3693 Ter.
1255 3628 1336 3691 Eun.
1373 3632 1449 3691 814:

313 3746 379 3805 Iam
403 3746 519 3806 dimitto
539 3746 716 3806 exereitum.
761 3741 842 3805 Enn.
864 3745 948 3823 trag.
972 3744 1051 3804 353:
1082 3760 1156 3817 quos
1179 3760 1235 3818 epo
1326 3743 1449 3804 dimitto.

314 3852 424 3916 Afrae.
457 3858 534 3918 181:
563 3857 692 3916 [limittit
720 3856 929 3917 adsestrieem.
975 3851 1069 3915 Caco.
1099 3856 1158 3915 80:
1189 3871 1263 3929 qnos
1292 3871 1391 3929 neque
1418 3859 1453 3912 ut

312 3970 493 4043 apprendas
514 3984 612 4042 neque
633 3968 678 4027 uti
700 3968 834 4027 dimittas
857 3967 948 4026 scias.
993 3962 1098 4027 Plani.
1120 3961 1203 4025 Rud.
1229 3967 1325 4025 1279:
1356 3966 1450 4033 Perii,

313 4080 454 4139 dilectum
489 4079 608 4137 dimisit.
662 4080 741 4139 791:
780 4080 808 4138 si
845 4084 874 4137 te
907 4094 968 4136 non
996 4079 1085 4137 ludos
1115 4076 1266 4152 pessimos
1296 4076 1449 4135 dindsero.

313 4186 421 4254 011.
447 4188 459 4248 I
485 4192 561 4249 198:
585 4190 677 4247 Neine
700 4191 845 4249 iudicium
862 4190 1014 4247 dimittere
1036 4189 1145 4247 iubeto.
1192 4181 1284 4245 Publ.
1303 4182 1371 4264 Syr.
1395 4187 1449 4245 et:

1631 4269 1633 4286 t

1631 4305 1632 4326 t
