3317 4950
351 1239 368 1321 ‚S
386 1243 412 1302 1.
447 1235 590 1302 Fabulas
605 1235 774 1301 Plautinas
789 1234 1009 1320 perlegentem
1022 1235 1136 1319 fugere
1147 1256 1198 1300 me
1209 1255 1273 1300 non
1284 1235 1400 1318 potuit,

264 1349 364 1414 verba
386 1369 406 1413 a
429 1355 467 1414 de
490 1353 523 1413 et
544 1353 576 1413 di
597 1348 787 1431 incipientia
807 1349 894 1412 inter
916 1369 951 1412 se
968 1348 1157 1430 saepissime
1173 1367 1243 1412 csse
1259 1367 1401 1412 commu-

263 1465 344 1526 tata.
389 1461 461 1540 Qua
481 1460 515 1523 in
537 1481 573 1525 re
596 1460 658 1524 etsi
678 1458 920 1524 concedendum
943 1463 993 1523 est
1005 1459 1184 1542 permultos
1204 1458 1293 1523 locos
1310 1479 1402 1523 mera

264 1573 471 1637 librariorum
507 1571 713 1654 neglegentia
748 1576 919 1654 corruptos
953 1570 1106 1635 facillime
1145 1571 1263 1653 corrigi
1296 1591 1402 1654 posse,

263 1690 374 1748 tamen
393 1703 458 1748 non
480 1682 597 1748 desunt
618 1681 675 1746 ubi
704 1683 807 1766 magis
838 1682 967 1747 dubites
990 1683 1057 1746 sive
1080 1688 1215 1766 propter
1243 1681 1402 1748 librorum

265 1795 484 1861 testimonium
514 1795 581 1859 sive
609 1800 745 1878 propter
775 1795 978 1859 sententiam.
1023 1794 1120 1859 Velut
1142 1794 1214 1859 Ter.
1235 1795 1316 1858 Eun.
1340 1799 1401 1860 315

264 1907 440 1972 Bembinus
463 1911 614 1972 diducunt
635 1910 733 1970 cibum
755 1905 864 1984 habet,
888 1912 1044 1970 deducunt
1058 1906 1115 1969 alii
1131 1905 1275 1987 codices;
1298 1905 1402 1971 Plaut.

266 2017 332 2082 Mil.
357 2016 398 2100 gl.
422 2021 462 2081 74
486 2023 673 2081 dinumerent
695 2017 731 2097 Β,
755 2022 948 2081 denumerem
970 2016 1041 2098 CD3
1067 1996 1160 2101 Epid.
1183 2023 1247 2084 468
1269 2023 1403 2083 dinume-

267 2139 381 2194 rentur
403 2129 430 2192 Α
452 2134 489 2192 ut
511 2128 648 2208 videtur,
673 2134 912 2193 denumerentur
927 2129 972 2209 B;
994 2128 1078 2194 Men.
1101 2133 1165 2193 264
1186 2135 1356 2194 devertitur
1370 2129 1403 2209 Ο,

266 2237 430 2308 divertitur
445 2239 570 2323 reliqui.
596 2239 694 2319 Quod
707 2260 780 2304 cum
794 2239 843 2304 ita
861 2241 912 2319 sit,
936 2261 1001 2305 non
1011 2240 1126 2331 inutile
1139 2260 1209 2306 csse
1223 2241 1404 2306 existimavi

266 2352 448 2436 priscorum
479 2351 674 2434 scriptorum
704 2350 793 2416 locos
823 2372 999 2434 congerere
1026 2357 1059 2417 et
1088 2351 1167 2435 quid
1200 2352 1239 2416 de
1269 2351 1405 2435 singulis

266 2462 475 2529 statuendum
498 2463 541 2528 sit
568 2484 738 2547 exponere.
784 2461 979 2529 Proficiscar
1008 2486 1029 2529 a
1049 2469 1196 2530 veterum
1217 2464 1405 2549 grammati-

268 2595 380 2640 corum
401 2575 604 2654 testimoniis,
628 2596 668 2640 ex
691 2575 809 2659 quibus
826 2576 1017 2658 gravissima
1039 2596 1188 2659 quaeque
1206 2596 1405 2659 componam.

353 2686 539 2751 Priscianus
550 2686 604 2751 Gr.
612 2685 633 2751 l.
646 2687 694 2751 III
708 2707 739 2770 p.
754 2691 793 2753 56
802 2686 885 2751 haec
899 2687 1016 2752 habet:
1034 2687 1323 2772 (Praepositiones)
1335 2697 1407 2754 sunt

268 2819 348 2877 quae
371 2819 532 2877 numquam
553 2808 761 2878 apponuntur,
789 2808 824 2864 ut
846 2804 887 2875 di,
912 2804 970 2875 dis,
993 2820 1040 2875 re,
1061 2820 1105 2875 se,
1135 2820 1193 2875 arn,
1216 2820 1283 2864 con.
1329 2804 1407 2864 neec
1435 2864 1437 2867 ,

268 2915 347 2974 enirn
368 2930 425 2974 seu
449 2930 571 2989 semper
593 2914 625 2975 in
649 2914 865 2989 compositione
893 2915 1100 2974 inueniuntur.
1146 2931 1234 2989 quas,
1272 2914 1407 2989 puomms

269 3042 336 3085 cum
360 3041 423 3100 per
450 3025 581 3107 seponi
602 3031 811 3100 nonpossunt
838 3030 1005 3101 separatae
1026 3026 1059 3085 in
1087 3030 1233 3085 contextu
1258 3025 1408 3086 orationis

269 3137 399 3211 ideoque
414 3141 527 3211 partes
549 3136 698 3196 orationis
719 3137 781 3197 dici
802 3153 878 3197 nera
904 3137 1027 3197 ratione
1056 3153 1117 3197 non
1141 3142 1284 3212 possunt,
1308 3143 1408 3197 tumen

271 3248 344 3322 quia
373 3248 431 3307 uim
464 3252 493 3307 et
522 3248 759 3323 sipnificentiem
787 3248 901 3311 tradent
923 3248 1191 3324 praepositionum
1221 3255 1250 3310 et
1277 3250 1309 3309 in
1339 3251 1409 3325 ipsa

272 3358 486 3433 compositione
513 3375 634 3434 semper
659 3361 892 3436 praepositivae
920 3365 1002 3433 sunt,
1031 3360 1101 3420 ideo
1125 3360 1409 3437 praepositionibus
1445 3385 1448 3395 ·

275 3476 580 3531 connumeraverunt.
593 3466 618 3549 1)
633 3466 781 3533 -Idem
796 3467 853 3547 III,
870 3471 927 3533 56:
947 3472 987 3531 Et
998 3473 1031 3533 di
1039 3472 1159 3547 quidem
1175 3478 1206 3532 et
1220 3473 1268 3533 dis
1283 3473 1410 3533 eandem

272 3580 525 3656 siqnificationem
546 3582 667 3655 necent,
690 3584 837 3658 quomode
859 3583 897 3643 ab
920 3588 950 3643 et
970 3583 1035 3644 abs.
1066 3589 1139 3643 sunt
1159 3589 1259 3644 autem
1280 3600 1412 3659 separa,

274 3692 352 3752 tinae
371 3697 405 3752 ut
427 3693 539 3765 divido,
564 3694 698 3767 diduco;
721 3695 871 3767 distrahe,
891 3694 1045 3767 discurro,
1069 3695 1151 3780 qued
1171 3696 1258 3770 apud
1276 3694 1411 3756 Graecos

276 3797 330 3865 dui
346 3804 541 3879 praepositio
556 3798 649 3879 'fucit
695 3811 725 3865 et
744 3806 902 3867 sciendum
924 3807 1007 3881 quod
1028 3812 1100 3867 tunc
1123 3806 1171 3866 dis
1191 3807 1412 3883 praeponitur,

275 3916 397 3988 quando
418 3915 559 3990 sequitur
581 3932 599 3977 c
620 3918 669 3976 nel
684 3919 709 3991 f
717 3918 805 3992 reip
827 3919 876 3976 nel
897 3935 912 3977 s
932 3918 1009 3977 velt
1029 3918 1103 3977 celi
1125 3919 1190 3979 icco
1203 3920 1411 3990 consonantis,

274 4030 308 4084 ut
331 4025 493 4098 discumbe,
519 4027 671 4099 discuti0;
694 4028 816 4104 differo,
840 4029 958 4105 diffido,
982 4029 1141 4104 diffundo,·
1162 4030 1195 4088 in
1218 4029 1327 4104 quitus
1348 4031 1411 4089 sin

271 4138 296 4212 f
304 4137 492 4203 conuertitur
511 4138 683 4213 euphoniae
695 4155 810 4212 causa;
833 4140 989 4214 displiceo,
1012 4140 1144 4215 disputo,
1167 4142 1330 4215 disperd0;
1351 4142 1411 4202 dis-

346 4305 370 4369 1)
389 4302 429 4356 cf.
448 4305 496 4357 ar.
516 4304 533 4357 1.
553 4304 595 4357 111
613 4307 682 4372 ²⁹8³
699 4307 740 4361 ae.

1172 4395 1207 4443 1*
