3317 4950
725 393 941 458 ..35-

262 567 324 632 sed
355 571 600 646 airriouatorem.
645 563 741 628 Poen.
771 563 853 646 prol.
879 568 934 628 19:
965 584 1025 627 000
1056 567 1245 642 airsiauator
1274 572 1404 640 praeter
1482 626 1490 636 ,

263 699 299 743 os
325 681 494 743 obambulet
513 681 714 755 (aestumator
736 674 824 760 solus
839 674 894 757 0);
916 695 982 738 non
1003 679 1092 739 recte
1105 674 1269 738 Donatum
1285 672 1402 750 dicere,

262 789 323 855 bos
346 809 417 854 esse
438 793 661 868 aestumator-es,
707 791 884 866 Desipuare
907 792 940 850 01
954 790 1131 865 dissiauare
1143 805 1208 850 non
1220 785 1307 849 idem
1319 805 1403 864 esse3
1423 804 1425 808 ’

265 901 328 966 hoc
351 899 535 983 significare
559 899 740 982 disponere,
770 897 928 980 digerere,
956 897 1037 963 illud
1067 898 1274 975 constituere,
1304 895 1403 961 desti-

265 1033 352 1078 nare.
403 1011 542 1076 Mostell.
573 1014 652 1075 413:
693 1030 774 1089 quae.
795 1015 969 1089 dissiauata
998 1015 1060 1074 siut
1083 1019 1113 1073 et
1132 1015 1223 1088 foeta
1252 1014 1402 1088 aequiter.

266 1128 447 1204 Dissiaaato
469 1128 519 1188 001
542 1127 708 1202 aiuuioata.
753 1121 803 1186 Ibi
818 1126 1000 1202 ,dissipuata
1023 1116 1269 1198 10110001Βο1,
1294 1125 1425 1199 dassia

224 1243 227 1248 “
265 1242 331 1300 uita
347 1235 401 1300 Bb
425 1235 499 1316 UD3
530 1239 693 1313 desiauata
715 1233 748 1298 Z.
793 1232 912 1298 Itidem
934 1231 1080 1298 defendit
1099 1232 1154 1297 ille
1176 1233 1248 1296 Ter.
1267 1230 1404 1316 Adelph,

267 1353 322 1412 87:
347 1353 439 1412 modo
464 1351 539 1426 auid
567 1350 769 1426 dissiauaoit?
815 1349 1008 1426 Dissipoauit
1035 1344 1271 1424 BCDFGPV3
1303 1348 1403 1422 deria-

266 1465 350 1523 uauit
381 1459 421 1538 E.
451 1457 550 1522 sohel.
577 1457 603 1521 F
635 1479 707 1522 cum
733 1460 769 1522 Α.
814 1456 861 1522 ef.
885 1457 1040 1522 Dniatnko
1070 1457 1113 1521 ad
1135 1455 1272 1539 Adelph.
1298 1461 1350 1520 87.
1372 1465 1404 1520 01

264 1570 414 1634 Kellerus
432 1570 516 1654 Epil.
533 1569 576 1634 ed
591 1570 669 1634 Hor.
692 1589 741 1654 ep.
765 1571 828 1650 15,
855 1575 902 1634 16.
947 1569 1041 1634 Most.
1067 1573 1148 1633 1113
1170 1568 1256 1633 idem
1278 1568 1404 1632 coniec—

266 1687 342 1746 tura
371 1682 502 1765 scripsit
525 1681 712 1746 Salmasius
736 1721 772 1730 -
800 1687 998 1761 Distriupere
1019 1687 1052 1746 01
1082 1685 1286 1759 testemque,
1317 1679 1404 1762 quod

262 1794 360 1858 Truc.
385 1799 447 1860 957
472 1798 705 1858 commutatum
731 1813 802 1858 0000
824 1792 983 1872 videatur,
1014 1792 1194 1857 Schoellius
1217 1792 1404 1856 coniectura

266 1907 411 1970 removit.
435 1943 478 1954 —
499 1909 672 1969 divertere.
720 1912 747 1969 1.
770 1903 875 1970 Plaut.
899 1905 982 1970 Men.
999 1910 1079 1969 264:
1106 1909 1185 1980 Quia
1199 1923 1285 1967 memo
1301 1910 1404 1983 ferme

260 2023 332 2081 siue
340 2024 449 2083 damuo
458 2022 518 2081 buo
528 2021 691 2081 divertitur
699 2023 718 2092 (
720 2016 936 2098 devertitur03
950 2021 1112 2081 diuortitur
1120 2015 1261 2099 reliqui).
1285 2014 1403 2078 2.Men.

266 2135 341 2194 634:
362 2134 440 2207 Quia
454 2137 489 2192 ut
503 2134 616 2192 dudum
626 2133 744 2192 deuerti
760 2132 815 2193 abr
828 2138 868 2203 te,
883 2133 977 2192 redeo
992 2148 1074 2192 uuae
1089 2133 1205 2192 demum
1222 2132 1348 2191 domum.
1376 2131 1403 2190 3.

261 2242 905 2318 τ1010613ι1000000001010οι011000011000
915 2245 1033 2305 deuerti
1040 2245 1084 2303 aa
1093 2242 1271 2317 Cupidinem
1279 2240 1404 2321 (divorti

265 2351 307 2432 F3
330 2356 447 2416 deuerti
461 2351 601 2435 reliqui).
634 2358 663 2417 4.
677 2351 774 2416 Poen.
798 2356 877 2416 673:
905 2354 940 2415 Vt
962 2357 1141 2415 devortatur
1154 2356 1198 2415 ad
1217 2370 1264 2414 me
1282 2355 1314 2413 iu
1336 2355 1404 2414 bas·

264 2467 372 2542 uitium
397 2472 557 2541 optumum.
589 2469 616 2529 5.
638 2463 710 2528 Ter.
742 2463 871 2528 Phorm.
898 2468 976 2528 312:
1000 2468 1066 2543 Epo
1087 2468 1160 2528 deos
1180 2471 1311 2541 penates
1333 2466 1405 2526 tiae

260 2581 428 2639 salutatum
463 2581 580 2639 atomum
608 2580 769 2641 Deoortar.
824 2582 853 2641 6.
883 2575 976 2658 Epid.
1005 2580 1083 2640 403:
1121 2580 1278 2641 diuortuut
1305 2594 1404 2638 mores

265 2692 396 2768 eiramis
417 2708 488 2751 mox
510 2707 548 2752 aa
570 2693 672 2766 lupae.
717 2687 765 2752 De
782 2693 888 2753 sexto
910 2687 1063 2776 exemplo
1091 2707 1152 2753 neo
1178 2685 1255 2750 libri
1284 2684 1404 2749 discre-

264 2803 345 2881 pent
367 2819 427 2863 nec
447 2797 543 2863 docti.
588 2800 625 2863 In
647 2800 783 2883 reliquis
807 2821 881 2865 cum
903 2805 1078 2882 utrumqne
1107 2799 1186 2864 ferri
1207 2800 1320 2884 possit,
1350 2820 1404 2865 res

263 2931 286 2974 a
306 2909 399 2975 libris
421 2910 550 2993 pendet,
581 2911 638 2993 qui
659 2909 728 2975 fere
750 2911 872 2995 ubique
896 2916 1014 2975 devorti
1034 2911 1165 2990 hubent,
1195 2910 1283 2994 quod
1305 2912 1404 2976 etiam

266 3021 349 3085 Men.
384 3026 446 3086 264
481 3021 732 3106 praeferendum
760 3028 818 3087 001.
850 3060 894 3070 -
923 3028 1130 3088 Diuorsoriuc
1182 3022 1287 3088 Plani.
1319 3022 1403 3088 Men.

262 3137 347 3197 436:
372 3138 495 3199 Abduoo
517 3140 590 3199 istos
613 3139 645 3197 iu
669 3138 827 3199 tabernam
841 3144 976 3199 actutum
985 3140 1202 3200 devorsorium.
1238 3138 1405 3198 Deoortere

267 3244 295 3308 si
317 3243 529 3324 defendimus,
553 3243 762 3311 defendemus
778 3251 986 3311 deversorium
1002 3246 1041 3330 (O
1050 3246 1102 3330 1)),
1124 3266 1190 3311 non
1204 3252 1405 3312 diversorium

264 3354 330 3439 (Β).
354 3393 393 3402 -
416 3360 635 3421 diverticulum
664 3363 713 3422 est
744 3363 777 3423 et
807 3363 971 3437 hospitium
998 3364 1032 3423 01
1063 3363 1147 3423 10010
1169 3358 1316 3437 Donato,
1352 3362 1405 3423 ubi

263 3472 326 3531 iter
348 3472 387 3531 de
405 3472 455 3531 uia
478 3472 624 3546 flectitur,
653 3468 713 3549 vel,
741 3474 779 3534 ut
802 3469 982 3535 Gromatici
1002 3475 1174 3548 testentur,
1200 3477 1303 3549 flexus
1325 3474 1403 3544 aiae,

264 3584 316 3643 oia
335 3584 367 3642 iu
396 3584 520 3644 diuersa
547 3585 683 3646 tondeas,
729 3580 801 3645 Hoc
824 3580 1019 3646 vocabulum
1046 3581 1142 3646 medo
1171 3602 1230 3664 per
1254 3586 1287 3647 ai
1307 3579 1403 3645 modo

267 3711 326 3773 per
349 3696 388 3755 de
411 3690 564 3755 scribitur
593 3697 631 3757 ut
653 3691 742 3776 apud
769 3692 895 3776 priscos
917 3692 965 3756 ita
985 3692 1074 3776 apud
1101 3692 1292 3758 recentioris
1322 3698 1403 3757 tem-

266 3802 357 3885 poris
387 3801 572 3885 scriptores.
623 3804 781 3889 Exempla
818 3804 948 3887 priscae
985 3802 1159 3869 latinitatis
1191 3804 1274 3869 hece
1311 3809 1402 3869 sunt:

266 3911 372 3977 Pluut.
395 3912 517 3995 Captiv.
543 3918 622 3980 523:
653 3936 710 3979 000
742 3921 945 3993 confidentiae
972 3937 1100 3995 usquam
1129 3921 1321 3995 hospitiumst
1347 3936 1405 3979 aee

267 4029 485 4089 deuerticulum
509 4031 596 4102 datis,
626 4025 684 4090 ubi
704 4026 760 4091 BJ
782 4032 1002 4103 diverticulum,
1029 4027 1148 4111 reliqui
1168 4034 1404 4101 deuerticulum

267 4134 382 4201 Leber.
406 4142 465 4202 97:
489 4142 622 4201 aiieuum
644 4143 848 4217 appetouibur
871 4142 943 4204 Viae
964 4149 1037 4204 suut
1055 4146 1200 4218 perditae
1222 4150 1253 4205 et
1274 4145 1403 4205 0100000·-

266 4252 356 4311 eulae
386 4253 607 4324 (diverticuloe
638 4247 709 4313 cod.
732 4249 904 4334 Bemberg.
936 4251 1042 4330 Nonii,
1074 4258 1139 4317 deo.
1171 4252 1271 4317 ceteri
1296 4250 1402 4333 libri);
