3317 4950
750 453 966 514 ..20-

290 623 380 682 tionis
411 623 542 697 quidem,
576 641 637 683 non
660 624 875 698 peminationis
898 626 1039 698 euempto
1064 626 1096 684 in
1125 623 1226 685 oeriis
1255 626 1426 698 compositis

289 740 338 794 sat
358 734 432 794 trita
455 740 543 794 sunt:
566 735 701 807 reccido,
723 737 871 807 redduco,
894 737 1057 810 relliquiae
1069 737 1121 808 (in
1137 736 1245 809 quibus
1256 738 1316 796 red
1329 753 1425 810 prae·

285 847 399 919 positio
422 849 515 920 latet)
538 846 647 920 quibus
667 848 813 908 addendo
826 850 936 923 affero,
959 864 1077 923 oppero
1091 852 1232 907 sescenta
1254 848 1326 906 alia.
1370 850 1428 907 sed

288 959 429 1018 inaudita
452 959 526 1018 tolio
542 957 669 1030 abbicio,
691 959 825 1030 addicio,
847 959 962 1019 innicio
988 965 1018 1018 et
1036 959 1157 1029 similia,
1179 959 1212 1016 in
1235 958 1343 1032 quilius
1364 976 1425 1018 non

282 1070 527 1144 praepositionis
555 1075 778 1141 consonantem,
807 1072 869 1130 sed
895 1071 980 1130 verbi
1007 1072 1140 1131 cocolem
1162 1071 1174 1129 i
1196 1089 1216 1130 a
1245 1070 1425 1146 quibusdam

287 1182 471 1256 nominatam
503 1181 606 1256 fuisse
637 1186 764 1241 constat.
816 1198 945 1256 qnorum
975 1166 1113 1256 exemplo
1144 1183 1263 1242 disiicio
1290 1180 1425 1241 scriben-

289 1294 359 1352 dum
383 1297 462 1364 erat,
494 1309 554 1352 non
585 1293 717 1353 dissicio,
762 1309 819 1352 nec
848 1309 910 1353 non
940 1294 1064 1354 disertis
1084 1299 1220 1354 oeternm
1244 1294 1425 1368 praeceptis

287 1405 371 1465 aerii
394 1405 541 1464 dissicere
562 1405 649 1480 oripo
671 1405 770 1478 plane
795 1405 919 1465 diverso
940 1406 1107 1466 indicatur.
1151 1422 1222 1466 nam
1244 1406 1425 1464 Priscianus

281 1533 317 1590 p.
341 1515 434 1576 1002
455 1519 534 1591 (quo
563 1516 629 1591 ipso
650 1517 716 1576 loco
738 1532 910 1592 perperam
934 1534 1009 1576 usus
1038 1523 1084 1576 est
1105 1513 1336 1595 Fleckeisenus)
1358 1533 1425 1576 cum

287 1629 319 1687 in
339 1629 387 1688 liis
406 1629 465 1688 ‘dis
481 1628 701 1702 praeponitur,
724 1630 848 1702 qnando
868 1629 1040 1703 seqniturc
1058 1630 1108 1688 oet
1124 1631 1149 1704 f
1164 1630 1252 1703 oetp
1274 1631 1322 1687 oel
1342 1647 1357 1686 s
1378 1631 1427 1688 vel

289 1742 369 1799 toel
391 1741 403 1798 i
422 1742 487 1799 loco
513 1739 717 1811 consonantis,
738 1745 773 1798 ut
790 1739 954 1811 discumbo,
978 1741 1118 1812 discutio,
1140 1741 1252 1815 differo
1363 1741 1424 1800 dis·

281 1852 395 1926 plieeo,
419 1852 551 1925 disputo,
581 1851 737 1924 disperdo,
769 1851 902 1923 dissicio,
935 1853 1064 1924 dissero,
1098 1853 1246 1924 distraho,
1276 1850 1423 1921 disturba,

287 1964 472 2037 distorqueo,
503 1963 658 2033 disiectus,
689 1963 842 2036 disiunpo'
871 1965 1074 2038 composuerit
1099 1980 1167 2022 cum
1190 1965 1308 2023 dissero
1331 1962 1423 2022 verbo

287 2075 421 2146 dissicio,
444 2073 637 2148 separaverit
652 2089 671 2133 a
686 2073 832 2133 disiectus
847 2075 1029 2150 participio,
1050 2075 1185 2135 omnibus
1207 2080 1308 2134 autem
1324 2090 1423 2133 enem-

281 2187 346 2260 ptis
367 2186 466 2260 ipsius
487 2184 572 2245 verbi
594 2185 740 2259 simplicis
763 2191 978 2246 consonantem
999 2187 1146 2246 initialem
1168 2186 1347 2257 seruaverit,
1377 2186 1423 2243 in-

286 2298 392 2371 cipere
414 2297 570 2370 compositi
592 2297 716 2356 dissicio
734 2296 858 2357 cerium
879 2299 1009 2372 simplex
1024 2302 1211 2357 consonante
1226 2316 1241 2355 s
1256 2299 1343 2357 leand
1363 2314 1423 2356 am-

286 2409 377 2484 bipue
400 2408 578 2469 declaravit.
624 2423 699 2483 erpo
728 2409 898 2468 rectissime
919 2410 952 2468 in
978 2410 1131 2485 plossario
1155 2412 1189 2468 Α.
1235 2408 1301 2468 Mai
1321 2412 1422 2482 (auct.

285 2523 322 2581 ct.
353 2519 436 2593 VIII,
459 2520 543 2593 178)
563 2520 755 2595 explicatur:
771 2522 945 2594 dissicere,
972 2528 1022 2581 sat
1044 2524 1143 2597 plane
1165 2522 1255 2581 etiam
1278 2522 1310 2579 in
1333 2522 1422 2580 Pari-

285 2632 352 2692 sino
379 2631 586 2693 Hildeorandr·
609 2648 644 2706 p.
679 2631 743 2690 112
775 2632 888 2692 dissice
917 2649 1041 2706 separa,
1073 2633 1184 2704 divide,
1214 2633 1314 2691 minus
1346 2632 1423 2692 bene

284 2745 318 2803 in
348 2743 500 2803 Bernensi
516 2741 556 2800 ,0
585 2741 707 2803 11224
735 2744 848 2803 dissice
878 2744 1032 2820 disperpe.
1077 2760 1176 2817 neque
1207 2744 1286 2802 enim
1317 2745 1421 2819 defue-

285 2861 359 2916 runt
380 2856 462 2914 inter
483 2859 602 2914 veteres
625 2854 823 2927 litteratores,
848 2856 900 2929 qui
923 2856 1073 2915 dissicere
1094 2860 1125 2914 et
1139 2855 1273 2915 disicere
1295 2857 1422 2930 consun-

286 2970 405 3038 derent,
429 2966 502 3041 quta
523 2966 641 3026 scilicet
663 2968 836 3027 asecnndo
853 2970 975 3042 factum
988 2968 1146 3027 dissecare
1166 2965 1289 3025 omium
1311 2966 1421 3025 eutitii.

284 3096 391 3139 secere
406 3084 506 3137 autern
521 3094 581 3137 non
595 3079 693 3154 mapis
708 3078 817 3138 mirum
832 3095 910 3150 esse,
933 3075 1022 3153 qnam
1036 3094 1157 3149 sonere,
1181 3083 1296 3149 tonere,
1319 3079 1422 3137 tacere

285 3191 348 3250 alia
369 3192 473 3260 multo,
504 3188 572 3247 olim
599 3188 629 3249 0.
654 3189 688 3249 L.
713 3189 922 3249 Schneiderns
942 3194 1101 3265 prommat.
1126 3191 1261 3249 clement.
1285 3188 1329 3260 II,
1352 3189 1421 3247 549

284 3301 444 3361 sanissimo
474 3300 589 3360 iudicio
606 3300 780 3374 perspexit.
812 3305 842 3359 et
863 3300 902 3360 alr
922 3302 981 3360 leac
996 3300 1188 3375 potissimum
1209 3300 1295 3361 verbi
1316 3303 1422 3375 forma

280 3413 455 3487 putaverim
484 3417 553 3472 orta
583 3427 650 3470 esse
678 3412 789 3471 insicia
818 3414 867 3471 vel
892 3412 982 3471 isicio
1011 3417 1042 3470 et
1069 3412 1237 3485 prosiciem
1271 3417 1420 3471 coctorum.

287 3520 437 3603 Singulos
458 3519 547 3584 locos
568 3518 751 3607 priscorum
774 3518 979 3601 scriptorum,
1002 3516 1120 3601 quibus
1139 3523 1288 3582 dissicere
1305 3523 1421 3595 exstat,

284 3636 543 3715 perscrutemur:
580 3629 684 3694 Plaut.
713 3631 804 3695 Cure.
837 3635 917 3694 424:
959 3633 1121 3710 clypeatus
1150 3635 1343 3708 elephantum
1370 3632 1422 3693 nbi

284 3749 479 3808 machaeram
499 3746 625 3818 dissicit,
648 3741 705 3806 ubi
726 3762 803 3807 sane
821 3748 871 3807 est
887 3746 1021 3806 dissecat
1036 3740 1295 3823 intelligendum
1319 3741 1410 3804 Caes.

286 3859 360 3942 239:
384 3859 456 3918 dide
473 3874 511 3917 oc
531 3858 643 3918 dissice
657 3858 718 3917 Per
736 3874 783 3917 me
800 3857 911 3928 licebit,
934 3852 1056 3934 dequo
1075 3852 1146 3916 loco
1166 3851 1310 3916 dubitari
1325 3872 1422 3935 posse

284 3964 430 4029 videtur:
446 3986 521 4030 nam
533 3964 641 4030 ubido
653 3964 909 4030 adulescentium
925 3964 1056 4028 luxuria
1071 3964 1188 4046 agitur,
1201 3962 1248 4027 ibi
1258 3968 1422 4027 disiciendi

284 4076 668 4161 sisapiioressevidetur.
691 4076 790 4143 Naev.
801 4081 840 4141 57
848 4100 856 4140 :
873 4079 1219 4154 Soaa,siloas,tapides,
1233 4084 1348 4137 montes
1360 4080 1421 4139 dis-

284 4194 351 4265 icis,
364 4193 571 4267 dispuloeros;
584 4188 682 4253 eiiam
690 4188 753 4253 hoc
767 4188 839 4251 loco
847 4186 981 4252 verbum
991 4192 1097 4252 disicis
1106 4186 1137 4250 vi
1143 4184 1235 4249 verbi
1248 4190 1422 4264 dissipandi

285 4301 442 4384 optimum
454 4300 592 4385 praebet
603 4322 741 4365 sensum.
774 4299 855 4363 Aliis
866 4299 946 4361 loeis
959 4298 1155 4393 scriptorum
1165 4296 1348 4378 priscorum
1358 4297 1421 4359 hoc
